2558 4062
142 249 165 296 x
217 225 219 231 ’
517 245 725 294 ocissimo.

141 383 285 449 editores
300 383 429 448 Graeca
450 381 598 464 admisit,
623 403 682 467 ego
698 401 796 468 porro
818 380 942 447 codicis
965 380 1108 466 vestigia

141 501 333 580 persecutus
354 514 397 558 ex
417 491 468 557 his
492 491 638 557 Graecae
661 491 841 578 scripturae
862 490 1008 577 reliquiis
1031 489 1106 577 plus

141 603 311 668 dimidiam
332 611 460 689 partem
481 603 518 665 in
538 601 674 666 Latin-as
698 601 879 668 litterarum
907 599 1028 665 formas
1050 621 1108 666 re·

142 712 234 778 duxi.

205 822 261 888 Ad
289 843 432 908 eaquae
459 822 532 885 imis
552 815 687 907 ¹paginis
715 821 759 885 ad
786 818 931 906 singulos
960 840 1107 905 quosque

140 931 229 998 locos
257 932 417 998 adnotavi
443 952 608 1018 perpauca
636 931 688 996 hio
716 939 792 996 sunt
817 929 980 995 addenda.
1025 928 1108 994 (lum

141 1040 325 1108 Urlichsius
341 1041 376 1104 in
391 1037 558 1106 annalium
573 1037 691 1128 quibus
708 1037 821 1105 titulus
842 1050 894 1106 est
908 1040 975 1105 Eos
997 1037 1108 1104 vcllI
1158 1042 1160 1050 ’

144 1153 195 1238 (p.
218 1147 281 1216 456
302 1152 366 1238 ss.)
401 1149 575 1216 nonnullas
602 1151 710 1216 sarias
738 1148 919 1237 scripturas
950 1171 967 1214 e
995 1146 1107 1216 codice

141 1260 407 1326 D‘armstadiensi
420 1259 622 1346 protulisset,
637 1270 752 1346 postea
767 1269 900 1345 rogatus
916 1258 958 1324 ab
973 1257 1107 1322 Halmio

141 1368 276 1435 eosdem
296 1369 385 1436 locos
409 1370 515 1436 denuo
537 1369 680 1456 inspexit
707 1389 809 1456 eaque
831 1389 915 1455 quae
937 1369 1109 1454 discrepa-

141 1487 215 1544 rent
236 1480 279 1545 ab
293 1478 418 1544 Halmii
440 1479 611 1546 collatione
626 1501 701 1565 eum
716 1479 777 1544 hoc
790 1499 851 1565 per
865 1478 991 1545 litteras
1013 1499 1109 1544 com-

142 1589 333 1656 municavit.
381 1589 437 1654 Ex
463 1589 514 1654 his
545 1573 700 1656 subsidiis
730 1609 879 1674 eaquae
906 1588 1109 1674 pertinerent

143 1699 186 1762 ad
208 1708 372 1764 extremas
394 1697 570 1783 fragmenti
591 1699 729 1786 paginas
751 1698 785 1761 in
808 1698 1009 1782 corrigendis
1032 1697 1109 1783 pla-

142 1807 228 1892 gulis
257 1807 412 1873 adhibere
434 1810 541 1895 potui;
575 1830 617 1872 ex
638 1808 748 1894 priore
775 1817 884 1873 autem
905 1816 1015 1894 parte,
1044 1828 1109 1893 qua

143 1916 323 1982 Iahnianae
358 1916 509 1983 editionis
541 1919 682 2004 paginae
708 1919 838 2004 'primae
875 1939 935 1983 sex
969 1915 1108 1982 collatae

143 2035 252 2108 erant,
273 2026 355 2091 haec
377 2027 604 2094 tantummodo
628 2027 670 2092 ad
692 2036 838 2092 nostram
860 2026 1107 2094 adnotationem
1218 2091 1224 2100 ,

143 2134 298 2200 addenda
319 2145 409 2201 sunt:
433 2137 505 2222 pa,
519 2139 547 2201 1.
572 2137 676 2202 celato
691 2142 727 2216 D,
751 2138 823 2222 p.4,
839 2137 870 2200 3.
894 2142 1109 2220 conparatum

143 2251 184 2323 J),
206 2247 237 2310 d.
260 2245 371 2336 beata]
399 2246 476 2310 unci
502 2256 615 2312 notam
643 2247 704 2310 sub
732 2253 917 2308 extremae
940 2241 1109 2306 addidisse

142 2355 275 2419 videtur
296 2375 412 2418 manus
435 2355 593 2437 secunda,
617 2375 647 2439 p.
664 2353 695 2435 5,
711 2354 740 2417 6.
761 2337 985 2440 institutique,
1010 2351 1058 2414 17.
1075 2359 1111 2416 tit

144 2469 171 2527 D
194 2465 243 2547 (at
264 2463 352 2528 idem
370 2483 519 2541 portamur
539 2461 654 2544 habet,
678 2473 715 2526 ut
737 2462 861 2527 editum
883 2469 942 2534 est,
966 2482 1031 2526 non
1050 2481 1109 2539 pe—

142 2572 278 2656 nemur),
308 2572 360 2636 21.
385 2571 493 2659 inquis
517 2577 560 2644 I),
593 2568 709 2657 inquid
736 2577 770 2652 d,
792 2595 824 2658 p.
841 2559 923 2652 o,‘1.
944 2570 1109 2662 preterit*

143 2683 196 2747 dei
220 2686 261 2764 I),
288 2691 441 2771 preterea
459 2682 464 2765 l
484 2681 536 2746 dei
560 2687 589 2746 d.
619 2717 662 2730 -
693 2681 739 2747 Ut
766 2679 893 2768 reliqua
919 2701 1108 2768 persequar,
1212 2677 1217 2682 ’

142 2794 261 2857 iterum
282 2801 379 2876 grata
399 2792 555 2856 memoria
576 2793 754 2877 repetenda
776 2801 827 2858 est
846 2789 958 2858 Caroli
973 2787 1110 2868 Halmii,

143 2901 200 2988 qui
227 2921 300 2965 cum
327 2901 425 2965 etiam
454 2923 525 2966 eam
554 2921 687 2988 operam
722 2903 757 2965 in
784 2923 818 2984 se
847 2900 1046 2986 suscepisset
1073 2907 1111 2962 ut

142 3007 294 3097 plagulas
323 3010 411 3095 typis
442 3031 614 3095 expressas
641 3010 841 3097 perlegeret,
871 3005 992 3074 multos
1021 3005 1109 3070 locos

143 3139 204 3184 sua
230 3116 418 3212 coniectura
445 3119 633 3185 correxerit.
679 3119 734 3185 Ex
755 3120 872 3207 quibus
902 3138 976 3182 cum
997 3117 1110 3202 plera-

143 3249 206 3314 que
228 3229 297 3292 suis
310 3226 390 3292 locis
413 3228 556 3295 adscribi
570 3230 746 3315 potuerint,
769 3231 822 3296 lric
843 3235 946 3294 restat
967 3238 1004 3294 ut
1020 3244 1114 3292 com—-

143 3349 339 3404 memoretur
370 3360 403 3425 p.
426 3339 460 3414 8,
484 3339 504 3405 6
535 3343 705 3417 conformat
734 3349 767 3406 et
793 3361 825 3424 p.
848 3339 904 3421 35,
926 3335 966 3402 21
1001 3341 1035 3403 id
1060 3356 1113 3402 cor

144 3446 367 3534 (omissoque)
391 3441 508 3517 coniici
524 3451 565 3517 ab
581 3449 729 3533 Halmio,
742 3457 823 3515 tum
844 3469 878 3537 p.
895 3449 946 3532 40,
965 3450 981 3513 l
1006 3447 1114 3515 eidem
