2558 4062
499 288 710 336 PRAEFATIO·
1023 289 1089 336 XIII

125 432 186 492 DV
267 433 375 490 rectos
398 443 455 489 om.
477 444 544 489 cum
567 429 630 487 DV
711 423 742 488 9.
765 424 878 507 ribos,
902 428 1016 489 utDV

117 537 174 602 10.
199 533 334 616 similes,
357 543 390 598 ut
404 539 467 598 DV
552 533 602 599 12.
626 532 805 620 aequaliter
820 544 877 600 aut
897 555 990 599 omne
1005 556 1090 620 quae

125 648 239 730 rectis,
269 651 404 709 simi'liter
432 664 469 709 uc
497 649 525 707 V
608 643 771 730 Rapcdia,
799 655 833 708 ut
852 648 881 707 Ι)
907 655 936 708 et
965 649 1088 708 Vcorr.

211 755 261 820 13.
283 753 412 819 Parelle
434 755 550 836 lineae,
572 759 684 832 partim
705 760 814 818 rectius
836 774 925 833 quum
948 759 1010 817 DV

129 867 174 930 16.
197 865 468 950 geometriarum,
491 874 525 928 ut
544 869 605 928 dV
667 864 819 951 quinque]
845 881 888 928 ·v·
976 865 1026 928 17.
1049 863 1091 928 ad

127 997 269 1058 omnem,
291 984 327 1040 ut
344 976 411 1038 DV
494 973 544 1038 18.
567 973 685 1058 medio]
709 974 795 1040 nodo
817 985 847 1039 et
865 995 1015 1054 superscr.
1038 996 1091 1039 mo

209 1085 261 1148 20.
284 1083 425 1167 lineam,
453 1091 558 1148 occisso
579 1094 704 1165 rectas,
732 1095 765 1149 ut
785 1089 849 1148 DV
929 1107 962 1170 p.
985 1085 1037 1166 63,
1063 1086 1091 1149 1.

125 1194 272 1259 immissa
357 1195 438 1259 duos
465 1195 565 1260 rectis
594 1217 690 1280 pares
718 1194 850 1276 fecerit,
891 1205 925 1258 ut
948 1200 1013 1260 DV

125 1305 156 1368 4.
179 1304 335 1390 adempta
418 1303 449 1370 5.
472 1307 566 1390 paria
588 1315 678 1369 suut:
713 1309 788 1369 haec
809 1316 945 1370 extrema
972 1315 1041 1368 sunt
1061 1311 1092 1368 ιἰι

125 1418 237 1480 codice.

188 1525 390 1591 Litterarum
417 1523 539 1590 formas
568 1534 750 1612 quaesunt
776 1527 812 1589 in
834 1525 946 1591 codice
968 1525 1093 1589 Darm-

127 1634 294 1715 stadiensi,
317 1644 476 1721 quatenus
498 1635 569 1699 fieri
589 1619 712 1722 potuit)
737 1635 897 1702 similibus
919 1637 1008 1722 typis
1031 1657 1094 1699 ex-

126 1744 313 1830 primendas
342 1745 469 1825 curavi,
497 1765 560 1831 quo
590 1753 623 1810 et
644 1745 829 1810 accuratior
855 1747 979 1810 vetusti
1005 1743 1092 1809 illius

127 1854 204 1920 libri
225 1855 333 1940 imago
356 1854 567 1940 effingeretur
594 1864 627 1921 et
648 1855 879 1922 nonnullorum
900 1855 1094 1921 mendorum

128 1965 218 2049 origo
246 1963 375 2029 facilius
405 1974 667 2050 cognosceretur.
711 1966 788 2032 Non
809 1965 903 2030 licuit
923 1950 1033 2030 tamen
1060 1965 1095 2028 in

128 2073 246 2139 litteris
268 2083 374 2146 retu
395 2073 534 2140 reddere
556 2073 639 2139 illud
662 2073 786 2140 codicis
801 2077 982 2162 proprium,
1006 2072 1095 2160 quod

129 2183 233 2249 altera
254 2184 343 2249 infra
364 2185 493 2269 longius
517 2182 650 2265 deduci,
683 2183 785 2249 altera
808 2207 908 2271 supra
930 2206 1095 2268 emergere

129 2293 222 2375 solet,
245 2302 277 2358 et
299 2312 322 2357 Y
343 2314 472 2382 quoque
494 2293 685 2381 plerumque
707 2293 794 2359 infra
816 2293 995 2359 descendit.
1033 2293 1095 2357 Re-

129 2404 263 2489 scripsit
298 2403 379 2466 mihi
416 2402 457 2468 de
493 2403 543 2468 his
579 2405 677 2470 rebus
721 2405 902 2490 ambigenti
938 2403 1096 2490 singulari

129 2513 281 2578 comitate
311 2512 475 2578 Canobus
506 2513 668 2580 Bossnua
704 2523 803 2602 atque
839 2515 939 2581 etiam
975 2513 1095 2579 codicis

128 2623 200 2687 fere
223 2621 392 2688 dimidiam
413 2629 569 2710 paginam
591 2625 836 2690 accuratissime
853 2625 1019 2710 depictam
1040 2623 1096 2688 ad·

130 2731 230 2812 didit,
258 2753 318 2824 pro
346 2753 412 2818 qua
439 2754 540 2818 opera
566 2731 610 2798 ad
631 2735 835 2820 propositum
857 2753 965 2798 meum
992 2731 1097 2796 utilis·

129 2840 215 2906 sima
237 2841 366 2908 debitas
388 2841 442 2908 hic
463 2842 570 2908 refero
592 2844 728 2928 gratias.

488 3152 741 3162 Ἣ
