2558 4062
380 1073 831 1177 PRAEFATIO.

530 1306 581 1320 W
582 1305 682 1320 sssssss

186 1477 362 1562 Censorini
389 1495 645 1579 recognoscendi
673 1505 710 1560 ut
740 1495 911 1562 consilium
942 1518 1091 1584 caperem

21 1635 25 1644 -
120 1605 247 1670 factum
269 1614 319 1670 cst
340 1604 477 1670 Onuolu
499 1603 635 1668 HALMH
657 1604 832 1689 beneficio,
856 1607 912 1691 qui
935 1616 1010 1672 anta
1031 1609 1090 1673 hos

122 1723 276 1799 quattuor
297 1734 411 1796 annos,
435 1735 510 1778 cum
530 1713 686 1780 Misniam
708 1717 939 1782 convenissent
954 1715 1089 1782 Germa·

121 1824 196 1888 niae
228 1823 293 1889 viri
326 1822 500 1910 philologi,
534 1822 654 1890 obtulit
684 1823 764 1890 mihi
793 1847 889 1889 suum
918 1825 1091 1892 Censorini

123 1931 326 2019 exemplum,
359 1933 394 1997 in
422 1953 485 2019 quo
508 1932 637 1998 variam
664 1933 785 2000 codicis
807 1934 1090 2000 Darmstadiensis

124 2041 321 2128 scripturam
337 2040 590 2127 diligentissime
605 2042 832 2108 adnotaverat.
869 2043 1030 2128 Namque,
1053 2054 1091 2108 ut
1197 2070 1201 2078 ·

122 2151 191 2216 fere
206 2150 254 2233 fit,
270 2160 444 2238 postquam
459 2151 590 2248 Ottonis
606 2151 701 2216 Iahni
717 2173 797 2216 cura
811 2151 981 2217 Censorini
996 2151 1088 2234 liber,

122 2261 221 2345 vulgo
233 2261 374 2347 pessime
390 2260 510 2342 editus,
526 2262 646 2326 mirum
660 2269 782 2348 quanto
798 2261 1001 2326 emendatior
1015 2284 1089 2347 pro-

124 2369 184 2434 diit
206 2391 249 2434 ex
270 2369 438 2435 codicibus
454 2369 721 2436 Darmstadiensi
735 2380 768 2436 et
783 2370 957 2452 Vaticano,
980 2381 1090 2436 tamen

18 2497 22 2510 ’
124 2478 203 2542 satis
216 2478 325 2564 ampla
336 2479 450 2544 variae
462 2479 643 2566 scripturae
654 2480 749 2566 copia
764 2481 885 2544 omissa
899 2489 979 2563 erat,
995 2481 1090 2546 cuius

124 2588 153 2650 si
174 2588 260 2654 ratio
282 2586 468 2669 haberetur,
492 2588 611 2654 multos
634 2587 724 2653 locos
747 2587 856 2654 adhuc
877 2588 984 2653 minus
1000 2601 1092 2656 recte

123 2694 229 2762 editos
258 2697 377 2782 corrigi
404 2717 501 2783 posse
528 2696 658 2762 viderat
678 2696 841 2762 Halmius.
885 2696 1001 2783 Itaque
1028 2719 1090 2782 ego

125 2807 242 2870 summi
264 2806 328 2871 viri
351 2807 541 2872 auctoritati
562 2806 704 2871 libenter
725 2807 954 2892 obtemperans
970 2805 1089 2870 Censo-

122 2915 186 2978 rini
206 2913 327 2982 librum
347 2916 587 2982 ita'recensere
608 2915 748 2998 institui,
770 2923 817 2997 ut,
841 2925 997 3002 quantum
1017 2915 1093 2980 fieri

123 3038 244 3107 posset,
265 3025 373 3111 ipsam
389 3026 559 3112 antiquam
573 3024 697 3091 codicis
712 3025 994 3090 Darmstadiensis
1010 3027 1091 3090 seri-

122 3142 263 3217 pturam,
286 3153 353 3200 non
366 3134 580 3200 recentiorem
601 3133 692 3201 illam
707 3157 806 3222 quam
827 3133 893 3198 alia
914 3157 1031 3202 manus
1053 3136 1089 3200 in

124 3243 261 3307 eundem
286 3241 408 3310 librum
434 3244 559 3329 passim
585 3243 714 3328 intulit,
750 3256 917 3330 tamquam
938 3244 1089 3310 certissi-

123 3373 208 3416 mam
222 3353 339 3417 ducem
361 3373 525 3440 sequerer.
562 3354 671 3436 Quam
691 3353 852 3420 rationem
872 3353 919 3417 ita
933 3349 1088 3417 facillime

124 3462 274 3527 omnibus
297 3462 472 3549 probatum
492 3463 535 3528 iri
558 3463 804 3546 existimabam,
828 3462 856 3526 si
879 3470 911 3526 et
934 3459 1090 3547 antiquae
