2588 4066
192 212 234 282 58
489 229 695 279 renouatum
718 230 793 280 oar.
810 229 860 278 1111.

125 437 130 445 ,
193 369 308 432 caelum
325 377 355 432 et
374 371 403 431 in
420 375 503 432 ortuo
519 369 690 441 nedicunt,
713 370 767 432 sed
782 367 885 431 nrnndi
900 367 1051 430 celeritate
1067 367 1162 428 victae

196 454 332 516 occidero
352 455 487 516 videntur
508 471 573 516 cum
596 472 647 526 eo,
678 456 812 533 quamvis
833 471 956 516 cursum
982 467 1069 512 suum
1090 469 1163 531 per·

158 549 175 598 2
194 546 291 617 agant.
321 538 365 599 sol
381 541 540 601 maximum
557 539 639 601 sidus
659 540 789 600 aetheris
804 539 895 600 medii
910 536 1002 599 limite
1022 537 1161 615 ignescit,

192 623 316 703 singulis
331 623 435 685 diebus
457 630 487 685 et
500 623 637 685 noctibus
652 626 768 704 peragit
783 622 913 702 singutas
932 628 1047 702 partes,
1068 621 1162 700 signi·

192 708 289 770 ferum
316 709 449 788 pervadit
475 725 562 770 anno.
607 708 676 770 iuna
702 707 739 770 de
765 707 828 770 sole
853 706 1037 777 flammatur,
1068 705 1196 769 ambitu

193 795 318 854 circuitu
345 793 516 855 brevissimo
542 801 653 854 terram
673 794 792 872 triginta
813 791 933 863 diebus,
964 791 1038 853 adeo
1066 791 1160 852 vicina

191 879 295 940 vertici
306 883 404 939 terrae
419 880 587 957 iunctaque,
603 885 637 938 ut
651 879 681 938 in
692 877 829 940 umbram
845 878 908 938 eius
922 876 1055 938 incidere
1066 875 1163 937 soleat

192 971 228 1030 et,
241 962 333 1023 videri
354 961 490 1024 deiicere.
537 961 639 1023 eadem
662 979 730 1023 cnm
753 963 844 1024 subiit
864 959 957 1022 solem
983 969 1012 1022 et
1031 959 1182 1022 substitit-

191 1046 296 1116 rediis,
324 1045 393 1107 iacit
415 1045 668 1116 obscurationem,
696 1065 772 1126 qnae
792 1045 918 1108 deiectio
938 1043 1008 1106 solis
1029 1043 1160 1106 videtur.

191 1131 310 1192 interim
326 1139 423 1191 tamen
440 1148 509 1192 cava
530 1129 719 1210 paucioribus
735 1149 822 1210 quam
845 1132 963 1208 triginta
980 1127 1084 1190 diebus
1100 1130 1160 1189 cir·
1180 1140 1211 1190 10

157 1225 174 1273 3
192 1214 292 1276 cuium
312 1233 398 1276 suum
421 1216 533 1276 transit.
571 1215 692 1276 Saturni
712 1214 796 1277 steila
812 1214 1041 1294 permaximum
1061 1212 1160 1274 ambi·

190 1306 254 1360 tum
270 1300 379 1369 fertur,
400 1299 527 1380 ideoque
548 1300 670 1360 tricenis
684 1299 836 1361 mensibus
851 1298 977 1378 singuiis
998 1299 1088 1377 signis
1110 1315 1162 1359 re·

190 1385 280 1455 sistit,
302 1401 358 1463 per
372 1385 491 1462 triginta
511 1401 604 1444 annos
623 1383 795 1462 signiferum
811 1385 984 1464 pertransit,
1006 1382 1113 1460 frigida
1131 1389 1163 1442 et

191 1467 313 1538 sterilis,
335 1467 492 1529 infecunda
506 1469 611 1537 terris,
632 1469 821 1530 nascentibus
841 1486 900 1530 non
917 1467 1066 1538 salutaris,
1088 1465 1163 1528 iacit

175 1552 312 1614 adversa
327 1551 465 1613 diuturna
481 1569 537 1614 nec
551 1552 657 1614 subita.
693 1553 769 1615 iovis
784 1552 867 1616 steila
882 1554 912 1613 in
927 1551 1050 1630 singuiis
1065 1552 1161 1630 signis
1180 1562 1210 1611 15

190 1653 268 1698 anno
284 1643 396 1706 manet,
418 1637 591 1715 signiferum
607 1637 761 1699 duodecim
784 1639 869 1698 annis
889 1635 998 1706 evadit,
1021 1635 1161 1698 salomnis

156 1729 173 1778 4
193 1729 222 1781 et
236 1727 399 1799 temperata
415 1728 446 1782 et
459 1721 604 1782 universis
620 1720 761 1783 euntibus
774 1739 928 1802 prospera.
959 1719 1058 1782 Martis
1074 1719 1159 1781 stolia

191 1821 251 1864 non
272 1804 377 1866 eodem
398 1805 492 1884 spatio
514 1805 605 1881 signis
625 1804 748 1885 singuiis
769 1807 885 1876 haeret,
908 1805 961 1868 sed
981 1804 1158 1882 signiferum

190 1905 297 1949 novom
312 1887 376 1950 iere
391 1890 476 1950 annis
491 1897 682 1968 pervagatur,
699 1891 786 1969 ignea
800 1893 1001 1968 intemperans
1015 1900 1045 1951 et
1059 1890 1090 1950 in
1106 1889 1159 1949 ad·

190 1974 284 2034 versis
306 1973 379 2034 etin
395 1971 569 2034 mortalibus
584 1973 694 2044 subita,
719 1975 764 2036 vel
784 1975 853 2037 ierit
866 1975 1029 2053 repentinis
1044 1971 1159 2034 morbis
1176 1983 1208 2032 2ο

190 2056 235 2118 vel
257 2056 338 2119 ferro
359 2058 485 2135 perimit.
531 2057 632 2120 stellae
653 2059 782 2120 Mercuri
803 2066 833 2122 et
852 2060 975 2122 Veneris
996 2056 1089 2120 solem
1111 2075 1159 2119 so·

156 2148 321 2222 equuntur
343 2142 505 2222 eademque
532 2145 624 2222 spatia
646 2144 824 2206 custodiunt.
865 2145 994 2206 Mercuri
1020 2141 1104 2204 steila
1126 2141 1160 2202 iit

190 2225 293 2288 similis
307 2225 350 2287 ilii
364 2243 453 2306 quam
469 2227 561 2297 videt,
579 2226 700 2288 Veneris
715 2228 852 2306 genitalis
867 2240 897 2290 et
911 2227 1028 2289 roscida
1044 2233 1074 2287 et
1087 2244 1158 2307 pro-

189 2327 277 2389 spera
305 2318 334 2372 et
353 2309 497 2371 salutaris.
540 2309 610 2372 iuna
632 2310 753 2388 globum
772 2331 858 2375 suum
884 2312 1015 2374 creditur
1034 2311 1156 2381 habere,

189 2394 241 2454 sed
268 2395 368 2470 ignem
394 2393 493 2455 asole
514 2396 672 2473 concipere
698 2405 727 2458 et
753 2405 893 2476 quantum
919 2397 1083 2476 percutitur
1109 2412 1157 2456 ar·
1174 2405 1205 2454 25

190 2476 321 2539 descere.
362 2485 504 2557 quantum
525 2480 614 2556 igitur
635 2497 651 2540 a
673 2479 735 2542 sole
758 2481 893 2553 discedit,
921 2488 1058 2560 augetur:
1089 2497 1158 2541 cum

189 2579 260 2624 vero
282 2570 384 2624 contra
399 2564 492 2634 stetit,
516 2569 578 2624 toto
593 2563 698 2626 feritur
714 2565 838 2628 adverso
859 2574 889 2627 ot
902 2565 981 2628 velut
1001 2562 1157 2643 speculum

189 2663 248 2707 non
268 2649 341 2717 vim,
369 2648 421 2708 sed
442 2649 601 2726 imaginem
622 2649 729 2710 reddit.
773 2650 831 2711 hac
851 2651 986 2712 universa
1007 2650 1156 2728 gignentia

155 2738 170 2786 6
189 2739 342 2794 crescente
357 2731 536 2810 pubescunt,
559 2740 750 2796 tenuesoente
764 2742 935 2797 tenuantur.
965 2751 1052 2795 umor
1067 2734 1155 2796 ctiam

190 2821 219 2876 et
234 2817 355 2894 spiritus
370 2818 466 2877 omnis
482 2819 627 2896 augescit,
649 2820 786 2881 tumescit
800 2838 942 2890 oceanus,
964 2818 1072 2880 deinde
1087 2837 1155 2880 oum
1172 2830 1202 2880 ao

256 3034 283 3084 b.
302 3045 402 3083 annum
420 3036 478 3084 DV
478 3073 485 3098 ,
503 3051 573 3089 corr.
590 3035 713 3088 Cauchius
782 3041 807 3092 6.
825 3053 931 3090 aeneae
951 3035 977 3100 (e
995 3041 1021 3088 in
1038 3037 1103 3100 roo.)
1121 3039 1155 3100 D,

187 3104 279 3150 terrae
302 3101 330 3150 V
395 3103 436 3152 13.
454 3116 523 3153 anos
540 3100 621 3167 (corr.
640 3121 671 3155 m.
690 3103 756 3169 rec.)
779 3107 807 3156 V
872 3109 912 3159 14.
932 3119 1060 3157 enensnta
1079 3106 1104 3155 D

189 3169 229 3218 lb.
249 3166 350 3218 biunna
368 3169 431 3231 DV,
449 3183 518 3220 corr.
537 3171 634 3222 Ichnae
691 3185 761 3224 tonos
779 3175 818 3234 D,
837 3189 906 3226 corr.
926 3176 944 3225 d
1013 3175 1053 3228 17.
1072 3187 1155 3224 even·

187 3235 264 3286 tibus
281 3237 347 3288 coni.
367 3235 490 3287 Gaacoiiue
558 3240 598 3289 19.
617 3239 691 3290 ferra
712 3242 745 3290 V·
804 3243 847 3292 20.
866 3242 934 3293 ferit
951 3239 1053 3305 Uerrio,
1071 3253 1154 3306 penta

188 3303 243 3351 DV
310 3305 352 3358 21.
372 3317 476 3355 anenno
493 3305 559 3368 DV,
584 3307 654 3371 quod
667 3307 780 3368 forsitan
801 3311 937 3374 scripserit
953 3311 1010 3373 ipsc
1031 3312 1154 3374 epitoma·

187 3376 230 3418 tor
298 3383 418 3422 mercont
440 3373 478 3435 D,
501 3373 632 3423 mercurii
657 3374 685 3422 V
750 3389 893 3441 sequnnun
915 3377 953 3439 D,
976 3378 1089 3428 eumd

188 3437 230 3486 22.
247 3439 376 3489 mercurii
397 3439 423 3488 V
489 3442 530 3490 at.
554 3439 618 3489 luna
635 3456 658 3490 m
686 3443 746 3492 tin
768 3445 792 3492 V
809 3459 845 3495 aa:
862 3443 929 3494 luna
999 3443 1107 3495 creditu
1129 3451 1155 3494 et

186 3519 203 3552 o
221 3506 238 3552 2
255 3519 285 3555 m.
305 3505 412 3557 creditit
433 3507 461 3556 V
524 3509 566 3558 29.
584 3522 745 3573 pusesoenn
762 3511 787 3559 D
