2588 4066
426 268 635 319 nonencort
657 269 732 319 car.
749 270 821 320 xrv.
1067 255 1109 320 69

138 410 297 471 duodecim
314 408 491 488 syllabarum
514 417 566 471 est.
598 411 705 489 recipit
720 408 877 487 aliqnando
893 417 1012 489 praeter
1028 419 1107 472 cete·

137 511 188 555 ros
203 493 318 554 iambos
333 495 364 554 in
380 500 513 555 extremo
529 494 709 574 pyrrichion.
739 496 893 556 trimetros
909 497 1039 572 tragicus

267 578 324 638 Pro
341 584 420 640 veste
435 579 535 657 pinnis
551 577 684 640 membra
701 579 787 640 textis
803 580 948 655 contegit,

138 671 168 724 et

102 756 119 804 5
267 745 419 826 Aquilonis
435 747 544 807 stridor
560 745 672 825 gelidas
687 744 807 808 molitur
823 747 913 808 nives.

139 832 247 910 recipit
267 833 298 890 in
320 837 404 909 parte
421 832 517 909 prima
539 833 700 909 gressionis
720 831 892 908 spondium,
915 836 943 891 et
963 835 1028 892 eius
1043 830 1108 892 loco

138 914 275 994 dactylon
299 922 327 974 et
342 920 548 992 anapaestum,
572 923 601 975 et
615 933 671 994 pro
685 915 785 976 iambo
801 916 934 977 chorium
958 921 986 976 et
1001 914 1108 975 tribra-

139 1000 234 1079 chym.
280 997 515 1078 trisyllabarum
542 1001 787 1078 paucissimarum
816 1012 883 1069 ΧΠ,
913 997 1108 1079 plurimarum
1156 1073 1157 1078 γ

138 1096 224 1144 xvrt.
256 1085 363 1162 recipit
377 1089 510 1161 tempora
526 1083 652 1161 plurima
670 1084 915 1162 quattuordecim,
932 1085 1109 1162 paucissima

85 1177 119 1226 10
139 1169 242 1229 decem
265 1175 294 1228 et
315 1174 391 1229 octo.
423 1169 554 1228 comicos
572 1170 723 1230 trimetros
742 1167 818 1229 solet
838 1171 931 1246 magis
951 1169 982 1229 in
1004 1167 1142 1228 brevest

138 1253 241 1312 minui.
278 1253 432 1312 trimetros
447 1251 660 1330 llipponaetius
682 1253 788 1332 pedem
809 1255 1000 1313 novissimum
1022 1251 1109 1312 adsu-

139 1353 224 1397 mens
238 1335 398 1414 spondium
413 1335 459 1396 vel
475 1336 610 1397 chorium
625 1335 691 1397 talis
707 1345 765 1408 est,

267 1418 496 1498 Calentibusqua
511 1419 631 1500 lympha
647 1419 777 1481 lontibus
792 1436 920 1498 semper.

139 1505 260 1565 eosdem
283 1500 374 1581 pedes
390 1523 464 1583 quos
480 1503 587 1584 reliqui
609 1506 751 1576 trimetri,
775 1513 893 1582 praeter
908 1505 1109 1573 novissimum,

84 1597 118 1646 15
137 1590 254 1666 recipit,
272 1596 301 1648 et
318 1609 356 1649 *e

206 1673 425 1742 Tetrametros,
443 1674 494 1750 qui
509 1673 612 1735 Latine
628 1673 789 1752 quadratus
805 1680 938 1756 vocatur,
955 1671 1110 1733 eboriacus
1127 1680 1143 1728 6

136 1757 203 1818 talis
220 1763 277 1825 est,

196 1839 266 1900 Tela
282 1839 399 1910 famuli,
417 1840 473 1900 tela
489 1845 548 1902 tela
562 1858 707 1918 propere:
731 1843 865 1920 sequitur
881 1859 928 1901 me
943 1840 1049 1902 Thoas.

138 1926 248 2002 recipit
263 1924 381 1985 eosdem
398 1926 504 2002 pedes,
527 1927 663 2002 pervenit
684 1926 720 1985 ad
736 1933 849 2003 septem
873 1933 900 1986 et
916 1924 1107 2003 semipedem.

1 2052 3 2074 2
83 2015 120 2065 20
139 2026 288 2070 summum
305 2008 411 2088 pedem
426 2010 537 2087 patitur
553 2016 603 2068 aut
618 2011 759 2070 creticum
776 2016 827 2069 aut
838 2008 996 2088 dactylum.
1027 2017 1109 2069 octo·

138 2095 241 2154 narius
255 2091 371 2154 iambus

224 2176 317 2237 Proin
333 2177 433 2238 demet
447 2175 501 2237 abs
518 2183 545 2238 te
560 2178 693 2254 regimen
709 2179 818 2253 Argos,
836 2177 906 2237 dum
922 2184 966 2237 est
981 2182 1110 2255 potestas

610 2259 723 2320 consili.

138 2346 331 2424 Septenarius
1126 2355 1141 2404 ‘t

84 2436 120 2485 25
166 2509 167 2514 ἵ
217 2429 311 2499 llaec,
328 2427 487 2490 bellicosus
503 2431 664 2509 culpator,
682 2436 776 2490 mater
792 2427 870 2490 cluet
885 2428 1023 2490 Minerva.

206 2667 231 2713 2.
254 2663 361 2714 iambos
385 2667 506 2714 extremo
534 2666 558 2713 V
626 2664 766 2713 trimetros
793 2663 819 2711 V
890 2665 914 2712 3.
938 2663 1025 2713 Attius
1047 2665 1108 2713 Pln'-

136 2733 231 2781 looteta
254 2747 289 2780 os.
303 2731 485 2783 stultitiast.
556 2731 581 2780 b.
604 2732 670 2780 idem
686 2730 747 2780 tbid.
769 2745 805 2780 os.
824 2733 875 2778 5⁶7
943 2731 967 2780 6.
988 2732 1108 2794 gressio-

137 2794 193 2864 nis]
214 2798 371 2848 scansionis
394 2798 420 2847 V
487 2797 546 2848 eius
558 2798 683 2856 Halmius,
697 2812 743 2848 om.
758 2797 792 2856 Ι),
812 2795 869 2846 alio
883 2797 933 2847 dV
998 2799 1020 2847 t.
1040 2812 1108 2847 onn-

137 2877 250 2929 pesrum
270 2866 325 2915 DV
375 2878 560 2915 retruserunt
573 2866 606 2927 D,
620 2863 775 2914 tribrachin
788 2863 817 2911 V
819 2861 838 2926 ¹,
856 2863 1018 2927 tribrachyn
1034 2866 1059 2914 V
1063 2861 1074 2895 ²

137 2933 306 2998 &prunnon
319 2932 375 2982 DV
415 2935 440 2982 9.
453 2948 529 2983 xvur
542 2931 601 2983 ont'e
615 2930 834 2995 quattuordecim
847 2932 946 2981 adoll
986 2933 1025 2982 10.
1038 2947 1107 2982 xrrrr

136 3007 196 3050 unte
210 2999 307 3050 decem
321 3003 349 3050 et
362 3003 424 3051 octo
438 3000 500 3050 odd.
511 3001 535 3050 V
606 3001 645 3048 11.
659 3000 871 3065 hypponaertus
884 3000 942 3049 DV
1008 3001 1047 3049 14.
1061 3015 1112 3050 ne·

136 3081 229 3132 mqurr
247 3069 272 3118 D
341 3067 443 3117 timetri
469 3067 498 3115 V
563 3067 603 3117 15.
628 3071 701 3131 ‘poet
720 3069 748 3116 et
771 3067 869 3116 excidit
886 3073 1024 3131 temporum
1042 3083 1112 3118 com-·

133 3137 246 3198 putatio*
261 3135 357 3185 labans
427 3137 467 3186 18.
478 3150 568 3185 versuo
580 3137 672 3184 incerti
682 3141 775 3198 poetae
789 3135 881 3199 tropici
885 3153 895 3192 ,·
907 3135 975 3198 conf.
987 3133 1112 3185 Ribbeck.

135 3216 164 3263 p.
183 3204 234 3250 21⁷
293 3201 352 3252 tela
370 3208 431 3252 ante
449 3217 566 3269 propere
585 3201 767 3252 add.Botbtuo
829 3207 889 3251 toas
912 3202 937 3250 V
1005 3204 1107 3265 20.pe·

137 3268 206 3316 titur
236 3271 265 3318 V
327 3273 370 3320 22.
402 3285 492 3321 uermes
518 3271 611 3319 incerti
635 3275 730 3334 poetae
757 3271 862 3333 trapteie
891 3269 959 3331 conf.
987 3267 1107 3320 Ribbeck.

135 3350 164 3398 p.
178 3335 230 3384 203
282 3337 363 3400 proin
375 3336 466 3388 demet
478 3338 664 3400 Lacbmaanua,
683 3335 799 3402 pnotnbe
813 3351 846 3386 er
859 3336 914 3385 DV
981 3337 1022 3384 2³.
1041 3348 1106 3384 oon-

139 3400 253 3452 sunenbt
265 3403 326 3464 DV,
345 3421 414 3457 corr.
428 3405 605 3456 Laebmonnuo
657 3406 698 3470 24.
717 3417 892 3454 serrtnornus
906 3403 931 3451 Ι)
983 3403 1025 3453 ab.
1038 3402 1105 3465 conf.

136 3467 258 3519 Ribbeck.
270 3475 338 3536 trop.
350 3477 397 3524 ret.
418 3489 446 3537 p.
459 3475 511 3522 204
579 3485 737 3523 uerticosts
757 3484 802 3522 out
820 3482 917 3519 maren
935 3483 1025 3534 paren
1042 3469 1104 3532 DV,

136 3552 205 3588 corr.
225 3535 317 3586 Carrio

353 3719 368 3756 b
