2558 4062
379 249 427 297 nn
449 250 510 298 mn
532 249 663 298 nurum
686 249 761 298 cnr.
778 251 847 299 xrv.
1052 236 1092 302 27

125 398 176 452 cet
204 389 563 467 undequinquagensimo‚
601 409 688 470 quem
720 389 859 470 conplent
888 391 956 452 anni
978 393 1093 470 septies

124 475 259 553 septeui;
289 473 324 536 ad
346 492 434 553 qnam
456 476 626 554 opinionem
648 474 844 554 plurimorum
866 493 1027 537 consensus
1048 477 1092 537 in·

49 589 53 596 ·
125 559 232 620 clinat:
255 575 324 619 nam
341 558 475 637 quadrati
499 560 616 620 numeri
635 560 832 638 potentissimi
846 561 1006 622 ducuntur.
1042 560 1093 622 de·
1112 570 1143 620 12

124 645 219 722 nique
238 643 323 703 Pinio
342 642 391 705 ille
411 644 509 704 veniat
528 645 636 704 veteris
656 643 858 724 philosophiae
880 645 1091 713 sanctissimus,

89 739 108 788 5
128 729 180 806 qui
201 727 345 806 quadrato
367 745 494 789 numero
516 745 661 790 annorum
676 731 763 790 vitam
780 729 937 790 humanam
954 746 1092 791 consum·

126 813 203 872 mari
219 814 345 890 putavit,
370 812 422 873 sed
438 815 612 882 novenario,
634 815 685 892 qui
700 812 819 893 conplet
834 831 928 874 annos
944 817 1092 892 octoginta

127 901 158 957 et
184 913 286 958 unum.
330 896 453 957 luerunt
479 898 565 958 etiam
589 899 638 975 qui
665 905 824 977 utrumque
845 899 1014 976 reciperent
1039 915 1092 958 uu-

126 998 257 1050 mecum,
289 977 664 1061 undequinipuagensimum
686 990 715 1042 et
736 983 971 1059 octogensimum
990 999 1091 1052 unum,

128 1071 158 1126 et
177 1067 324 1126 minorem
345 1067 499 1126 nocturnis
520 1065 694 1143 genesibus,
721 1068 864 1128 maiorem
885 1067 999 1127 diurnis
1020 1068 1092 1126 seri·

73 1163 109 1212 10
126 1148 235 1210 herent
250 1172 280 1210 a.
316 1149 450 1228 plerique
467 1149 565 1230 [aliter
580 1149 666 1231 moti]
690 1151 764 1214 duos
779 1151 850 1211 istos
864 1168 1007 1212 numeros
1021 1148 1092 1212 sub·
1113 1164 1143 1212 13

128 1233 218 1295 tiliter
239 1235 440 1304 duraverunt,
462 1234 595 1295 dicentes
616 1237 816 1314 septenarium
838 1235 874 1296 ad
890 1251 1017 1312 eorpus,
1038 1252 1092 1294 no·

126 1319 280 1380 venerium
296 1319 331 1378 ad
347 1320 479 1380 animum
495 1319 660 1398 pertinere;
684 1319 763 1381 huno
775 1318 940 1380 medicinae
956 1320 1092 1397 eorporis

127 1409 157 1464 et
170 1401 299 1482 Apollini
319 1402 519 1472 adtributum,
541 1402 623 1463 illum
638 1404 743 1473 Music,
765 1405 833 1481 quia
848 1402 970 1463 morbos
991 1403 1090 1472 animi,

127 1504 202 1564 quos
217 1486 367 1566 appellant
380 1487 486 1566 pathe,
508 1488 620 1548 musice
636 1486 731 1548 lenire
753 1505 788 1548 ac
803 1505 909 1549 sanare
931 1505 1091 1548 consueve-

73 1583 108 1633 15
126 1573 175 1632 rit.
219 1572 318 1650 itaque
339 1573 468 1648 primum
491 1570 658 1633 climactera
681 1589 790 1633 annum
812 1571 1091 1656 quadragensimum
1111 1581 1143 1630 14

126 1664 156 1716 et
167 1673 279 1718 nonum
295 1674 360 1717 esse
370 1656 577 1734 prodiderunt,
592 1654 728 1717 ultimum
744 1662 842 1716 autem
858 1656 1092 1732 octogensimum

126 1748 156 1801 et
176 1758 284 1810 uncum
308 1741 437 1802 medium
452 1758 522 1801 vero
543 1758 579 1801 ex
599 1751 728 1819 utroque
742 1741 924 1819 permixtum
939 1756 1016 1799 anno
1031 1747 1091 1823 ter·

125 1824 167 1885 tio
194 1831 222 1884 et
250 1826 468 1903 sexagensimo,
499 1824 544 1884 vel
572 1843 661 1902 quem
686 1823 889 1886 hebdomades
914 1841 1020 1884 novem
1047 1820 1104 1884 vel·

49 1970 54 1977 ,
126 1915 239 1986 septem
261 1909 410 1972 enneades
430 1909 597 1969 conficiunt.
633 1909 713 1970 huno
726 1907 795 1971 lieet
810 1908 929 1988 quidam
944 1905 1091 1985 periculo·
1113 1919 1143 1968 ta

71 2005 110 2054 20
130 1993 277 2054 sissimum
293 1994 404 2064 dicant,
421 1993 499 2073 quod
516 1993 552 2054 ad
569 2010 678 2072 corpus
694 1992 773 2054 etad
790 1993 920 2054 animum
937 1992 1091 2069 pertineat,

129 2093 186 2154 ego
201 2083 298 2138 umen
312 2079 418 2138 ceteris
433 2078 509 2138 duco
530 2077 733 2138 infirmiorem.
769 2094 837 2136 nam
853 2084 1013 2154 utrumque
1028 2077 1093 2153 qui·

128 2160 198 2220 dem
212 2177 300 2240 supra
321 2163 433 2223 dictum
449 2162 580 2222 continet
596 2178 770 2230 numerum,
792 2160 844 2222 sed
861 2165 999 2221 neutrum
1021 2176 1092 2236 qua·

126 2244 260 2317 drotum,
287 2252 316 2308 et
336 2254 370 2307 ut
385 2252 430 2308 est
445 2245 482 2306 ab
504 2251 631 2324 utroque
646 2263 706 2305 non
728 2244 858 2314 alienus,
885 2244 925 2303 ita
940 2245 972 2303 in
986 2248 1092 2303 neutro

126 2337 241 2408 polens.
287 2349 343 2391 nec
370 2329 478 2392 multos
505 2347 590 2398 sane,
621 2347 696 2409 quos
716 2336 845 2390 vetustas
866 2325 947 2389 claro
973 2327 1092 2387 nomine

74 2423 109 2474 25
127 2413 271 2485 celebrat,
294 2413 342 2476 hic
356 2431 451 2496 annus
466 2413 640 2494 absumpsit.
673 2412 850 2476 Aristotelen
866 2413 1025 2490 Stagiriten
1044 2429 1092 2472 re·
1112 2422 1143 2471 lc

195 2652 218 2699 1.
242 2648 313 2700 nube
337 2661 574 2715 quiuquagrusrmo
595 2651 633 2713 Ι),
660 2649 750 2699 unedo
769 2663 814 2713 qu.
832 2648 864 2711 d,
889 2662 943 2697 uno
961 2645 995 2696 de
1013 2647 1091 2710 quin-

126 2719 289 2782 quagesimo
312 2717 340 2767 V
403 2719 427 2767 2.
447 2729 607 2781 opontonem
627 2717 652 2766 D
720 2719 745 2768 4.
763 2713 1092 2770 venintveterioIalmue‚

125 2790 221 2835 nannet
239 2786 262 2846 (t
279 2786 306 2834 in
317 2799 369 2834 ras.
387 2785 463 2833 totum
480 2783 631 2847 litterarum)
651 2796 762 2832 cerense
781 2783 813 2840 D,
831 2782 929 2831 ueniat
947 2781 1048 2831 ceteris
1070 2780 1098 2830 V

126 2853 152 2904 6.
165 2867 240 2902 nm
252 2852 309 2902 DV
374 2853 398 2901 7.
417 2852 777 2902 fuerunt-8.unumom.
795 2849 821 2897 V
887 2848 912 2898 8.
924 2846 1093 2898 nubam-er

126 2933 201 2968 cxxx
218 2930 302 2969 unum
319 2920 345 2968 D
412 2921 437 2970 9.
457 2919 629 2969 ascriberent
645 2920 717 2982 vulpe
736 2918 870 2967 aloannia
888 2919 1007 2972 lacunae,-
1026 2916 1093 2965 seri-

125 2985 225 3036 bareut
237 2985 306 3038 fieri.
326 2985 406 3049 quali
423 2987 540 3036 termino
559 2985 626 3036 duos
645 2991 692 3036 oet.
712 3000 758 3050 epo
773 2988 901 3049 proposui
911 2986 938 3034 in
949 2983 1013 3042 an,
1031 2985 1092 3033 eid-

126 3054 247 3104 deutaclc
266 3054 392 3104 Zeteenr.
413 3053 460 3116 fiir
477 3053 570 3104 Plzllol.
588 3053 624 3102 II
642 3055 708 3103 1866
723 3069 750 3118 p.
765 3055 816 3102 625
885 3053 926 3114 10,
949 3051 1019 3102 istos
1038 3051 1093 3113 dV,

126 3133 186 3170 tono
204 3122 229 3170 Ι)
300 3122 340 3170 11.
359 3118 556 3171 oeeneuanunu
574 3121 612 3182 Ι),
636 3119 769 3172 decrevei
786 3116 824 3185 (in
835 3134 914 3182 marg.
928 3119 971 3168 dis
983 3135 1014 3172 m.
1028 3117 1091 3182 rec.)

130 3187 162 3246 V,
181 3187 372 3239 discreverunt
387 3191 460 3253 vulgo
518 3188 557 3238 14.
576 3185 652 3252 πάθη
670 3190 742 3253 vulgo
795 3188 834 3240 15.
854 3199 1042 3238 cnomncrene
1060 3188 1093 3248 1),

126 3253 316 3306 elamaectera
340 3257 369 3318 d,
393 3254 554 3322 elimontem
581 3256 606 3304 V
672 3271 709 3306 xn
731 3266 867 3307 annuum
890 3269 954 3304 esse
972 3253 1030 3302 DV

128 3321 168 3371 16.
190 3337 265 3372 nxxx
282 3322 337 3373 DV
350 3355 352 3360 ,
405 3323 445 3375 18.
471 3323 639 3390 sexagisrmo
657 3324 694 3382 D,
719 3322 893 3388 sexagesimo
920 3321 948 3369 V
1013 3318 1095 3370 ebdo-

126 3386 222 3439 mades
239 3390 264 3439 V
332 3391 372 3442 19.
392 3388 551 3441 hanueabes
570 3392 595 3440 Il
663 3392 705 3440 26.
724 3391 902 3440 ennsnorenea
920 3388 944 3450 (a
956 3402 973 3436 a
984 3402 1015 3436 m.
1029 3389 1054 3444 2,
1068 3395 1095 3436 ut

126 3455 237 3521 videtur)
249 3459 284 3521 Ι),
305 3457 463 3508 aristotelea
485 3458 514 3507 V
579 3463 688 3522 nepentt
706 3456 843 3521 (tiaras.)
861 3456 895 3516 D,
917 3454 1040 3518 repperit
1062 3455 1093 3513 V,

126 3537 196 3576 corr.
211 3524 354 3575 Gallielmue
