2558 4062
362 257 410 306 nn
432 259 494 306 run
517 259 649 308 usuum
672 258 746 308 cnr.
764 261 810 309 vr.
1028 246 1067 310 ll

93 417 132 459 eo
161 397 333 460 alimentum
354 399 394 459 ita
416 398 514 460 trahat
534 406 581 469 ut,
613 416 679 460 cum
702 398 797 460 editus
819 407 878 468 est,
909 418 945 460 er
966 400 1068 462 matris

93 481 254 546 uberibus.

164 567 303 628 Ceterum
326 572 360 626 ut
380 584 477 628 mares
498 567 662 628 lerninaeve
682 575 843 629 nascantur
870 568 941 648 qnid
960 586 1067 631 causae
1084 580 1101 629 4

95 659 192 720 esset,
214 653 295 712 varie
311 649 347 710 ab
368 650 461 712 isdem
476 649 660 730 pbilosophis
680 652 829 730 proditum
851 659 905 714 est.
945 670 1015 714 nam
1031 671 1067 714 ex

57 749 75 796 o
95 754 160 816 quo
175 742 300 815 parente
322 736 444 797 seminis
459 733 584 813 amplius
597 736 666 806 luit,
692 737 754 796 eius
769 754 871 797 serum
891 754 1066 814 repraesen-

95 821 156 881 tari
177 819 251 879 dixit
265 818 434 881 Alcmaeon.
472 837 508 878 ex
529 819 691 881 seminibus
711 826 808 880 autem
823 820 1009 882 tenuioribus
1024 821 1067 882 le·

96 905 206 974 minas,
223 922 257 965 ex
274 903 461 964 densioribus
476 921 574 964 mares
589 905 654 966 fieri
665 904 784 984 Hippon
799 904 943 968 adfirmat.
970 905 1067 967 utrius
1085 918 1101 966 5

95 1007 170 1048 vero
192 988 324 1065 parentis
344 987 522 1066 principium
545 988 646 1050 sedem
668 990 753 1066 prius
774 990 976 1068 occupaverit,
1003 990 1067 1050 eius

97 1072 184 1133 reddi
210 1079 346 1132 naturam
368 1072 553 1133 Democritus
580 1071 705 1134 rettulit:
736 1080 765 1134 at
790 1075 868 1136 inter
893 1093 926 1135 se
953 1081 1067 1136 certare

45 1169 78 1217 10
96 1157 228 1218 feminae
243 1164 273 1216 et
289 1157 391 1225 maris,
415 1164 445 1218 et
458 1173 551 1236 penes
572 1164 670 1218 utrum
692 1158 815 1218 victoria
831 1160 882 1227 sit,
906 1159 969 1219 eius
985 1156 1067 1219 babi-

97 1249 161 1302 tum
183 1242 290 1302 referri
311 1248 414 1303 auctor
441 1248 485 1302 est
504 1240 703 1303 Parmenides.
743 1260 779 1302 ex
800 1241 911 1302 dextris
932 1241 1101 1322 partibuso

99 1327 227 1404 profuso
242 1326 355 1386 semine
377 1341 473 1385 maros
489 1327 584 1404 gigni,
609 1333 639 1387 at
654 1345 669 1386 e
684 1324 774 1387 laevis
790 1325 930 1396 seminas,
952 1327 1066 1386 Anaxa·

100 1428 190 1486 goras
204 1408 459 1488 Empedoclesque
475 1411 676 1478 consentiunt;
700 1427 825 1487 quorum
847 1410 1016 1488 opinioneS,
1034 1417 1068 1471 ut

99 1495 137 1555 de
162 1494 219 1556 hac
244 1495 343 1572 specie
369 1511 531 1572 congruae,
561 1495 600 1554 ita
627 1493 664 1554 de
689 1492 878 1555 similitudine
903 1492 1066 1556 liberorum

47 1589 80 1640 15
99 1576 266 1657 dispariles.
281 1579 284 1585 '
297 1595 388 1655 super
402 1596 459 1658 qua
475 1597 508 1638 ro
524 1576 718 1656 Empedocles
733 1578 879 1656 disputata
895 1579 1008 1640 ratione
1024 1587 1066 1639 ta·

36 1685 40 1693 ·
98 1663 139 1724 lia
153 1663 299 1741 profatur.
330 1664 355 1722 si
370 1680 424 1740 par
440 1660 521 1722 calor
535 1663 566 1722 in
583 1670 737 1740 parentum
753 1661 914 1724 seminibus
929 1663 997 1732 fuit,
1015 1669 1100 1741 par
1148 1661 1151 1668 ’

99 1748 140 1806 tri
160 1745 285 1808 similem
307 1764 418 1808 marem
440 1748 610 1826 procreari:
640 1749 665 1808 si
686 1747 795 1824 frigus,
817 1747 957 1808 feminam
979 1747 1067 1807 matri

99 1829 236 1892 similem.
268 1831 346 1909 qnod
367 1832 391 1891 si
413 1831 505 1910 patris
526 1830 647 1892 calidius
668 1831 723 1892 erit
744 1838 774 1892 et
795 1831 931 1909 frigidius
952 1831 1064 1900 matris,

101 1933 228 1995 puerum
245 1914 310 1976 lore
326 1917 377 1992 qui
393 1917 496 1976 matris
510 1915 607 1976 vultus
622 1922 841 1994 repraesentet:
858 1922 887 1974 at
902 1917 927 1978 si
943 1915 1067 1977 calidius

47 2012 83 2061 20
101 2000 219 2068 matris,
249 2001 340 2076 patris
367 2007 465 2061 antem
485 1999 574 2060 luerit
600 1999 751 2076 frigidius,
781 1998 910 2079 puellam
936 1999 1066 2060 futuram

107 2100 184 2162 quae
198 2085 289 2162 patris
304 2083 409 2146 reddat
424 2083 655 2145 similitudinem.
685 2086 875 2162 Anaxagoras
889 2092 988 2144 antem
1003 2084 1066 2144 eius
1085 2092 1100 2142 8

101 2169 237 2246 parentis
256 2168 360 2229 faciem
375 2168 491 2229 referre
505 2167 617 2228 liberos
631 2167 782 2236 iudicauit,
805 2170 855 2245 qui
870 2168 990 2227 seminis
1005 2184 1066 2226 am·

101 2250 179 2330 plius
194 2252 374 2314 contulisset.
410 2260 541 2314 ceterum
556 2251 741 2312 Parmenidis
756 2251 901 2312 sententia
917 2257 976 2319 cst,
999 2267 1066 2310 cum

103 2337 242 2398 dexterae
267 2344 367 2415 partes
392 2338 505 2398 semina
525 2336 675 2407 dederint,
706 2342 777 2397 tnnc
803 2334 879 2398 lilios
905 2353 969 2396 esse
990 2334 1067 2413 patri

52 2433 85 2481 25
103 2420 284 2488 consimiles,
303 2439 369 2482 cum
385 2420 498 2492 laevae,
514 2431 584 2483 tuuc
599 2421 696 2483 matri.
1162 2479 1165 2486 .

166 2505 305 2584 Sequitur
316 2506 352 2566 de
368 2506 502 2584 geminis,
520 2507 570 2584 qui
585 2513 617 2566 nt
632 2504 789 2584 aliquando
801 2511 961 2566 nascantur
977 2504 1066 2566 modo
1084 2511 1101 2560 9

103 2591 223 2651 seminis
243 2590 308 2650 sieri
324 2590 442 2670 Hippon
464 2597 619 2652 natusest:
641 2590 671 2650 id
694 2592 855 2652 enimcum
876 2588 1002 2667 amplius
1023 2594 1069 2650 est

105 2691 191 2751 quam
218 2675 269 2736 uni
291 2675 450 2743 satisfuit,
482 2673 618 2736 bifariam
639 2674 754 2736 deduci.
801 2673 831 2734 id
853 2675 948 2751 ipsum
972 2672 1117 2732 formem

169 2929 194 2977 4.
222 2941 322 2977 usurae
346 2941 380 2976 en
402 2925 507 2977 hisdem
531 2928 554 2975 l)
623 2927 648 2977 6,
677 2935 808 2975 aucmeou
830 2923 887 2972 DV
953 2923 977 2972 7.
1000 2922 1068 2988 hyp·

105 3009 156 3058 pon
177 2994 206 3043 V
270 2997 294 3045 9.
312 2992 408 3043 retulit
429 2994 454 3042 V
505 2991 538 3044 ab
556 2994 581 3042 J)
650 2993 691 3042 10.
710 3003 835 3044 reminas
853 2990 910 3040 DV
914 2987 931 3054 ¹,
949 2991 1068 3040 feminas

103 3077 133 3110 m.
150 3077 204 3114 rec.
223 3066 248 3111 in
271 3062 296 3110 V
363 3072 457 3111 manes
478 3077 510 3111 er
528 3073 633 3126 poenes
651 3059 710 3109 DV
775 3060 815 3111 11.
836 3055 881 3125 ex]
903 3074 935 3108 eu
954 3057 1008 3107 DV

106 3131 144 3180 13.
163 3127 391 3194 eupeoocnesque
411 3129 464 3178 DV
530 3129 572 3182 15.
590 3125 737 3192 dispariles
755 3131 819 3177 sunt
835 3127 933 3178 [aluus
985 3140 1069 3189 eupe-

104 3195 205 3247 bccnes
230 3196 285 3246 DV
350 3194 421 3246 talia
439 3196 565 3260 profatur
589 3197 777 3258 declinamus,
800 3209 880 3246 rents
903 3207 1069 3258 pnoreurus

106 3263 160 3312 DV
226 3266 266 3314 17.
290 3277 444 3328 propseant
468 3264 492 3312 J)
561 3263 649 3328 frigus
668 3263 775 3325 Carrio,
806 3259 929 3328 sarpidus
947 3261 1006 3310 DV

107 3333 211 3382 18-20.
232 3329 344 3382 canibus
364 3356 396 3366 -
415 3329 519 3396 rigibus
539 3329 668 3395 (frigidus
691 3329 726 3393 V)
746 3354 781 3368 -
799 3328 912 3380 canibus
930 3355 964 3364 -
982 3339 1070 3392 ratet-

107 3396 154 3448 ons
167 3399 228 3459 DV,
246 3414 315 3448 corr.
328 3398 426 3448 lateus
495 3400 535 3450 19.
548 3413 654 3448 nunnus
666 3396 700 3462 D,
719 3396 825 3447 uultum
837 3396 885 3447 dV
951 3396 992 3444 23.
1006 3407 1069 3444 sen·

107 3467 193 3518 tentis
211 3466 271 3528 dV,
297 3479 394 3516 sennia
412 3466 436 3514 D
505 3467 547 3515 24.
571 3466 677 3516 semina
700 3481 746 3514 cm.
768 3464 797 3513 V
861 3464 902 3513 nd.
925 3474 1070 3511 nascamus

106 3534 251 3595 deos-md
306 3535 347 3583 27.
360 3533 470 3598 hyppcu
486 3533 512 3584 V
563 3533 679 3586 estadd.
692 3532 785 3583 Carrio
840 3531 883 3581 28.
895 3528 990 3581 diduci
998 3531 1069 3594 culpo
