2558 4062
216 224 255 288 12
463 239 512 287 nu
534 239 596 288 nuc
616 240 748 288 unuani
771 240 845 291 cnr.
866 241 927 289 vu.

215 378 410 457 Empedocles
425 379 541 441 videtur
556 380 699 442 sensisse:
722 398 791 441 nem
807 398 910 442 causas
926 379 1045 460 quidem
1067 397 1124 442 cur
1141 380 1190 441 di·

214 463 363 525 videretur
379 481 437 524 non
453 465 560 544 posuit,
577 465 682 544 partiri
696 464 899 526 tantummodo
916 465 964 535 ait,
981 471 1010 526 et
1024 465 1049 525 si
1063 472 1188 526 utrum·

215 565 272 626 que
293 549 378 610 sedes
404 567 496 628 acque
518 548 626 610 calidas
653 550 855 627 occupaverit,
888 556 1045 628 utrumque
1066 567 1188 611 marem

213 634 310 703 nasci,
332 634 358 694 si
373 632 493 712 frigidas
510 650 617 710 aeque,
639 641 796 713 utramque
811 634 963 704 feminam,
982 636 1092 695 sivero
1109 633 1188 694 alte·

214 735 281 778 rum
298 716 478 787 calidiorem,
496 718 620 780 alterum
637 718 831 795 frigidiorem,
849 718 957 798 dispari
972 736 1045 779 sexu
1061 725 1186 797 parturn
1206 731 1223 779 5

215 800 357 863 futurum.

181 891 199 950 t
281 887 423 966 Superest
445 886 544 948 dicere
564 888 601 949 de
615 885 800 966 temporibus
816 885 924 968 quibus
943 894 1046 966 partus
1067 885 1187 947 soleant

215 988 279 1032 esse
301 971 337 1031 ad
360 971 540 1032 nascendum
560 974 682 1040 maturi;
706 973 756 1051 qui
776 971 859 1033 locus
880 989 916 1032 eo
937 970 1009 1031 mibi
1030 988 1103 1032 cura
1119 987 1184 1032 ma·

215 1057 279 1115 iore
293 1055 466 1116 tractandus
488 1063 547 1124 est,
570 1055 648 1134 quod
665 1057 808 1134 quaedam
824 1073 947 1116 necesse
968 1062 1013 1116 est
1028 1055 1065 1116 de
1086 1064 1183 1116 astro·

215 1138 291 1217 logia
307 1139 478 1220 musicaque
494 1146 523 1200 et
538 1139 721 1201 arithmetica
738 1141 892 1217 attingere.
1204 1151 1237 1200 10

181 1233 197 1281 2
278 1222 341 1283 lam
356 1225 484 1302 primum
502 1231 591 1302 quoto
606 1231 674 1303 post
689 1225 914 1304 conceptionem
929 1241 1031 1285 mense
1052 1223 1184 1285 inientes

216 1308 263 1370 edi
284 1306 412 1379 soleant,
444 1309 617 1387 frequenter
638 1309 778 1386 agitatum
804 1310 882 1369 inter
908 1316 1023 1370 veteres
1048 1309 1184 1369 nondum

217 1393 362 1453 conuenit.
407 1393 525 1471 Hippon
546 1391 763 1471 Metapontiuus
789 1411 806 1453 a
827 1393 953 1472 septimo
974 1393 1011 1453 ad
1032 1391 1182 1453 decimum

216 1494 349 1538 mensem
365 1477 445 1537 nasci
459 1494 547 1553 posse
563 1477 734 1538 aestimarit.
764 1493 833 1537 nem
848 1478 974 1554 septimo
989 1483 1106 1554 partum
1122 1479 1183 1536 iam
1261 1501 1262 1542 ι

216 1578 281 1621 esse
297 1568 446 1623 maturum
469 1561 599 1638 eoquod
619 1562 651 1620 in
675 1559 812 1622 omuibus
833 1578 975 1622 numerus
997 1562 1183 1639 septenarius
1202 1573 1233 1620 15
1261 1571 1262 1590 ³

216 1644 376 1724 plurimum
396 1646 504 1725 possit,
535 1645 678 1722 siquidem
701 1652 815 1725 septem
836 1645 999 1706 formemur
1019 1644 1182 1716 mensibus,

216 1729 383 1806 additisque
413 1727 513 1791 alteris
541 1730 615 1790 recti
644 1731 806 1790 consistere
835 1730 1026 1808 incipiamus,
1057 1737 1087 1790 et
1115 1738 1184 1808 post

217 1815 373 1892 septimum
400 1830 535 1874 mensem
563 1813 667 1873 dentes
693 1811 779 1874 nobis
806 1814 1012 1883 innascantur,
1042 1813 1181 1894 idemque

216 1904 285 1976 post
304 1898 462 1977 septimum
483 1896 588 1957 cadant
609 1915 733 1967 annum,
761 1905 866 1976 quarto
883 1899 997 1959 decimo
1013 1905 1112 1959 autem
1127 1916 1181 1977 pu·

183 1992 198 2040 3
216 1981 340 2043 bcscere
356 1980 512 2042 soleamus.
544 1981 595 2042 sed
612 1981 689 2042 banc
705 2000 721 2042 a
737 1987 849 2061 septem
866 1981 1019 2043 mensibus
1039 1982 1180 2061 incipien·
1199 1993 1230 2042 20

217 2072 275 2126 tem
296 2065 494 2127 maturitatem
517 2065 668 2145 usquead
689 2066 792 2128 decem
814 2066 987 2144 perductam
1013 2065 1081 2128 ideo
1102 2066 1180 2145 quod

215 2153 246 2210 in
262 2148 325 2212 aliis
341 2149 480 2211 omuibus
495 2149 570 2211 haec
585 2151 687 2212 eadem
704 2158 809 2212 natura
825 2160 877 2222 est,
896 2159 928 2210 ut
942 2157 1056 2230 septem
1072 2152 1179 2212 mensi·

217 2233 408 2316 busannisre
424 2241 484 2296 tres
499 2242 550 2295 aut
564 2252 680 2296 menses
696 2240 747 2295 aut
761 2235 830 2294 anni
845 2235 881 2295 ad
898 2235 1178 2296 consummationem
1262 2255 1263 2308 ς

182 2319 373 2379 taecedant:
403 2336 471 2378 nam
499 2317 604 2379 dentes
623 2329 736 2394 septem
757 2335 893 2380 mensum
919 2319 1024 2380 inlanti
1045 2322 1126 2380 nasei
1151 2327 1179 2381 et
1262 2391 1263 2398 ἵ

217 2402 343 2462 maxime
364 2402 478 2462 decimo
494 2402 597 2478 perlici
612 2419 730 2471 meuse,
753 2403 879 2481 septimo
900 2421 978 2464 anno
998 2405 1111 2483 primos
1131 2421 1177 2465 eo·
1197 2415 1227 2463 25
1262 2411 1263 2414 ’

215 2503 282 2546 rum
304 2484 455 2556 excidere,
486 2484 602 2547 decimo
623 2485 755 2557 ultimos,
785 2494 853 2564 post
876 2494 1012 2567 quartum
1035 2488 1176 2549 decimum
1262 2549 1263 2566 p

216 2586 326 2630 annum
353 2567 525 2639 nonnullos,
553 2569 606 2630 sed
626 2588 730 2631 omnes
756 2570 832 2631 iutra
856 2573 1013 2650 septimum
1034 2572 1176 2632 decimum
1262 2589 1263 2632 1

216 2670 327 2714 annum
349 2652 523 2731 pubescere.
562 2653 630 2715 huic
651 2655 782 2733 opinioni
809 2657 841 2714 in
863 2664 948 2734 parte
970 2655 1066 2736 aliqua
1090 2673 1176 2734 repn-

183 2745 308 2817 tgnant
334 2737 396 2808 alii,
427 2742 458 2799 in
483 2745 568 2818 parte
594 2741 791 2801 consentiunt.
837 2757 904 2801 nam
933 2742 1058 2820 septimo
1078 2757 1176 2801 mense

217 2902 417 2916 —ss—

284 3009 308 3055 1.
332 3005 497 3070 empedocles
519 3007 548 3056 V
611 3011 635 3058 2.
653 3009 752 3073 partiri
769 3009 874 3066 labeus,
891 3021 1000 3073 parsurm
1018 3009 1083 3068 DV,
1102 3006 1178 3075 portis

219 3070 258 3121 V²
280 3075 306 3122 in
328 3088 407 3137 marp.
477 3075 501 3124 6.
521 3075 722 3138 postfuturum
739 3077 795 3125 DV
814 3077 875 3128 add.
897 3074 929 3127 be
953 3088 1174 3128 courtnmertoue

215 3184 312 3224 eurem
325 3187 431 3238 pannus
444 3143 628 3225 utnrn⁰mi¹¹¹¹⁸
647 3139 677 3206 (d
689 3143 734 3240 V),
754 3193 818 3243 quoe
834 3179 966 3242 pertinent
985 3180 1021 3228 ad
1037 3193 1095 3242 cop.
1109 3181 1133 3242 5,
1145 3181 1174 3234 5,·

215 3246 265 3290 tum
286 3248 427 3306 se=quuntur
448 3257 483 3292 ex
505 3258 563 3306 cap.
583 3245 630 3305 14,
650 3247 666 3291 7
685 3245 721 3293 in
743 3247 833 3309 prime
855 3244 1027 3296 hebdomade
1049 3247 1176 3311 nequead

215 3324 273 3372 cap.
291 3309 362 3371 1⁷39
379 3313 462 3360 nocte
480 3310 656 3372 frequentem
681 3312 788 3377 deniqne
806 3313 875 3362 redit
892 3315 1024 3376 scriptura
1042 3314 1077 3363 ad
1093 3317 1174 3376 oapi

214 3377 270 3426 init.
295 3378 422 3442 superest
444 3376 539 3428 dicere
557 3382 607 3426 cet.
678 3380 718 3428 10.
748 3379 894 3443 adtingere
922 3379 951 3428 V
1016 3380 1056 3429 11.
1080 3393 1173 3430 conca-

214 3456 313 3506 putous
337 3444 363 3493 D
432 3445 472 3499 13.
496 3443 607 3508 hyppon
633 3444 661 3492 V
726 3448 766 3497 20.
790 3445 862 3496 huno
886 3446 910 3494 n
979 3447 1021 3500 24.
1039 3461 1173 3497 mensuum

215 3509 241 3572 d,
259 3510 394 3561 mensium
416 3511 442 3561 V
509 3513 550 3563 25.
569 3523 675 3575 primns
692 3512 717 3561 D
787 3514 829 3564 26.
848 3524 973 3563 nurtmns
992 3515 1017 3563 D
