2558 4062
381 218 429 266 nn
451 220 513 268 nur
535 221 667 268 uanam
689 221 765 270 car.
781 225 814 270 x.
847 190 848 194 ¹
1043 211 1082 274 ll
1142 204 1180 216 “’

109 365 204 417 tonon
219 356 392 437 appellant,
418 356 464 418 vel
478 359 536 420 hoc
551 360 649 420 minus
669 361 869 434 hemitonion,
891 362 935 423 rel
952 362 1080 426 duorum

109 443 240 504 triumve
269 460 304 502 ac
327 442 467 520 deinceps
495 443 605 520 aliquot
626 452 764 506 tonorum
787 445 982 509 intervallum.
1027 449 1079 510 sed
1169 449 1172 456 '

108 545 171 586 non
187 528 336 604 promisce
351 544 438 587 voces
454 545 557 588 omnes
573 547 639 588 cum
657 527 721 590 aliis
742 536 774 590 ut
789 529 860 592 libet
874 532 992 593 iunctae
1008 550 1078 592 con-

110 609 281 672 cordabiles
302 613 333 670 in
349 619 438 670 cantu
458 611 590 674 reddunt
605 613 737 675 ellectus.
769 621 801 674 nt
820 613 934 677 litterae
949 625 1078 685 nostrae,
1097 630 1114 678 5

71 704 90 752 5
109 698 135 756 si
157 696 236 756 inter
256 713 289 756 se
310 697 420 773 passim
440 696 599 776 iungantur
620 707 651 758 et
670 716 730 758 nou
746 707 959 776 congruenter,
991 719 1080 781 saepe

109 797 167 840 nec
188 778 287 840 verbis
306 797 362 840 nec
383 778 502 858 syllabis
524 780 697 859 copulandis
718 782 956 856 concordabunt,
984 783 1096 846 sicin
1201 775 1204 784 ’

109 864 224 925 musica
251 864 395 941 quaedam
418 873 498 926 certa
525 873 594 925 sunt
615 866 770 928 intervalla
790 887 865 948 quae
891 868 1079 948 symphonias

109 950 226 1026 possint
252 947 380 1009 efficere.
427 957 470 1010 est
497 956 594 1010 autem
622 951 795 1030 symphonia
822 952 947 1014 duarum
973 965 1113 1014 vocumo

111 1032 273 1112 disparium
295 1033 374 1094 inter
389 1050 421 1094 se
443 1035 610 1094 iunctarum
627 1035 721 1096 dulcis
738 1044 908 1098 concentus.
939 1038 1078 1117 sympho-

57 1124 92 1172 10
110 1117 177 1178 niae
193 1115 341 1195 simplices
362 1135 399 1178 ac·
411 1119 526 1197 primae
549 1125 617 1180 sunt
632 1127 707 1191 tres,
732 1121 839 1198 quibus
854 1121 986 1200 reliquae
1008 1141 1078 1184 con-

110 1207 204 1271 stant;
225 1218 283 1262 una
301 1201 393 1262 duum
410 1212 550 1264 tonorum
569 1210 598 1264 et
614 1204 767 1266 hemitonii
785 1205 899 1268 habens
917 1204 1077 1283 διάετημα.

110 1304 187 1365 quae
213 1291 336 1348 vocatur
361 1283 414 1348 διὰ
438 1285 615 1364 reccdam,
653 1287 709 1348 alia
736 1291 827 1349 trium
855 1298 884 1351 et
912 1289 1076 1361 hemitonii,

109 1387 199 1447 quam
214 1378 320 1431 vocant
335 1369 387 1432 διὰ
401 1369 515 1434 πέντεε
539 1374 626 1434 tertia
642 1380 686 1433 est
700 1371 752 1436 διὰ
767 1375 895 1446 παίῶν,
913 1375 997 1435 cuius
1012 1373 1077 1437 otd-

108 1472 209 1531 crnpo
230 1456 362 1516 continet
383 1454 455 1517 duas
475 1458 600 1533 priores.
637 1464 682 1518 est
702 1459 780 1518 onim
801 1457 847 1519 vel
862 1476 913 1520 sex
929 1465 1076 1528 tonorum,
1096 1472 1112 1520 r

57 1545 90 1592 15
108 1546 143 1599 ut
157 1540 351 1600 Aristoxenus
366 1541 532 1618 musicique
546 1541 734 1612 adseverant,
751 1541 798 1602 vel
813 1544 944 1622 quinque
960 1551 990 1604 et
1005 1543 1077 1604 duo·

108 1641 176 1684 rum
207 1623 454 1696 hemitoniorum,
485 1631 517 1685 ut
541 1625 723 1704 Pythagoras
751 1633 994 1707 geometraeque,
1025 1632 1080 1703 qui

108 1708 316 1768 demonstrant
344 1721 383 1768 111
409 1709 568 1770 hemitonia
599 1717 703 1771 tonum
725 1710 867 1789 conplere
897 1729 956 1772 non
979 1727 1075 1788 posse.

108 1810 204 1872 quare
224 1793 310 1852 etiarn
332 1791 420 1855 huius
436 1793 518 1854 modi
538 1793 723 1856 intervallum
739 1794 822 1855 Plato
843 1795 963 1858 abusive
984 1795 1076 1858 hemi·

82 1899 87 1911 ·
109 1876 230 1945 toulon,
253 1879 374 1956 proprie
390 1886 488 1940 autem
503 1876 668 1956 διάλειμμα
689 1878 827 1959 appellat.
863 1898 943 1942 nnnc
958 1898 1029 1941 vero
1046 1887 1078 1942 ut
1095 1890 1111 1940 8

54 1965 92 2014 20
110 1959 225 2038 liquido
241 1970 379 2038 appareat
394 1962 643 2040 quemadmodum
660 1980 746 2024 voces
762 1983 818 2026 nec
829 1964 885 2026 suh
902 1963 1005 2026 oculos
1020 1981 1076 2026 nec

111 2043 168 2104 suh
185 2052 291 2106 tactum
307 2041 445 2109 cadentes
459 2047 571 2110 habere
585 2048 701 2125 possint
715 2065 886 2119 mensuras,
903 2048 1077 2110 admirabile

108 2127 294 2208 Pythagorae
322 2130 450 2192 releram
481 2139 697 2201 commentum,
729 2133 779 2210 qui
809 2139 923 2194 secreta
953 2141 1077 2193 naturae

108 2212 255 2276 servando
284 2217 417 2293 repperit
445 2215 613 2295 phthongos
642 2215 823 2278 musicorum
853 2216 1011 2277 convenire
1041 2216 1076 2278 ad

109 2299 255 2359 rationem
275 2317 478 2362 numerorum.
516 2317 584 2360 nam
601 2299 728 2361 chordas
749 2318 843 2379 aeque
863 2317 977 2384 crassas
997 2302 1076 2379 pari·

56 2385 91 2434 25
111 2401 170 2462 que
204 2381 386 2462 longitudine
420 2384 544 2446 diversis
577 2383 760 2464 ponderibus
794 2385 933 2460 tetendit,
969 2385 1077 2464 quihus

108 2485 198 2546 saepe
213 2466 307 2545 pulsis
322 2486 378 2530 nec
392 2468 552 2548 phthongis
573 2469 610 2530 ad
630 2467 719 2531 ullam
735 2471 932 2550 symphonian
953 2488 1076 2531 concor·

178 2691 203 2738 1.
226 2685 315 2738 τόνον
337 2689 408 2752 oripo
477 2699 646 2738 semrromon
671 2686 700 2750 (o
716 2688 744 2737 ia
761 2703 830 2750 rna,
853 2704 889 2738 eae
906 2688 924 2738 h
939 2688 1027 2751 scota,
1050 2696 1078 2738 ut

107 2757 223 2810 uidetur:
241 2755 309 2816 confi
322 2756 358 2805 ad
368 2770 405 2808 os.
419 2757 460 2806 11.
474 2758 515 2805 17.
529 2757 562 2806 18
573 2753 634 2820 eet.)
648 2756 681 2816 n,
701 2755 866 2806 semitonion
881 2755 909 2803 V
975 2757 1000 2807 2.
1019 2769 1077 2805 cnt-

109 2821 179 2888 qnoh
197 2823 222 2872 J)
280 2825 305 2873 3.
323 2834 482 2887 promiscae
500 2823 558 2873 DV
610 2825 635 2872 9.
655 2821 827 2887 simphoniae
849 2822 875 2871 V
926 2822 966 2875 11.
979 2820 1030 2874 huo
1043 2823 1076 2880 D,

108 2891 224 2940 duorum
241 2890 268 2938 V
276 2892 347 2953 culpo
416 2889 610 2950 hemtnonuD,
629 2889 770 2940 semitonii
784 2889 833 2940 dV
900 2889 1077 2942 11111111-

107 2972 192 3008 saron
215 2957 243 3007 V
295 2957 352 3009 elia
370 2959 423 3017 dV,
442 2973 496 3010 ana
514 2959 539 3007 D
599 2969 760 3009 enemrrouu
777 2958 838 3016 DV,
858 2959 887 3008 et
903 2957 1079 3010 semitoniid

109 3027 151 3076 13.
168 3024 300 3091 diapente
323 3024 349 3074 V
415 3024 458 3076 ote
478 3039 570 3078 nescu
588 3027 626 3087 D,
645 3025 780 3090 diapason
802 3025 826 3075 V
894 3023 1032 3077 diastema
1054 3026 1082 3076 V

109 3093 151 3144 15.
171 3107 364 3145 anesroxauus
381 3093 407 3144 D
477 3094 518 3143 16.
537 3093 729 3145 emitoniorum
751 3093 779 3143 V
826 3094 873 3158 qni
890 3095 954 3144 add.
968 3094 1060 3145 Carrio

110 3161 151 3212 17.
171 3175 209 3210 ιιι
226 3164 375 3212 nechaonis
394 3157 418 3224 (s
430 3161 457 3210 in
468 3159 533 3224 roa.)
553 3162 586 3220 D,
604 3162 670 3212 idem
687 3163 742 3212 stae
760 3176 813 3220 ros.
836 3162 866 3220 V,
886 3176 911 3211 11
929 3161 1077 3213 semitonia

108 3226 207 3278 ladano
224 3243 261 3279 era
278 3229 339 3280 edit.
358 3229 478 3281 Rostoch.
549 3229 590 3282 18.
608 3240 776 3280 aemtronuou
796 3224 820 3294 (s
838 3232 863 3278 in
874 3227 940 3291 raa.)
959 3229 994 3287 D,
1012 3230 1078 3278 Mem

108 3295 164 3344 siae
175 3311 230 3349 raa.
246 3296 274 3344 V
341 3297 381 3348 19.
394 3309 530 3362 pennatae
542 3296 568 3347 D
620 3293 766 3359 διάλειμμα
782 3296 890 3356 lalana,
908 3293 1078 3346 heannrmma

109 3361 165 3412 nV
229 3361 273 3414 11.
291 3363 422 3416 cadenaco
440 3365 466 3415 D
517 3378 612 3430 possin
630 3365 656 3414 D
723 3366 764 3416 23.
783 3360 929 3427 servando]
946 3363 1018 3412 imao
1035 3377 1080 3412 re·

109 3429 227 3482 serundo
296 3431 438 3498 prhouqos
456 3432 514 3482 DV
578 3434 621 3483 24.
644 3430 746 3483 conchas
764 3431 822 3482 nV
885 3430 928 3481 26.
946 3427 1078 3494 puadoni-

108 3511 161 3548 nus
173 3498 199 3547 D
267 3499 308 3549 26.
328 3500 441 3567 rhoupts
454 3501 489 3562 D,
507 3500 638 3566 pthongis
660 3500 688 3550 V

159 3613 345 3666 censorinus.
855 3578 882 3643 2'
