2558 4062
223 255 266 320 20
480 269 528 316 nn
551 269 612 316 nm
634 269 766 316 uarum
789 268 864 317 one.
882 269 928 316 xr.

224 409 349 477 dicrum,
367 409 460 469 sexies
476 408 613 478 ductum,
636 426 702 468 cum
720 407 756 469 ad
772 407 849 469 diem
867 408 1123 470 ducentensimum
1141 409 1193 470 dc—

190 503 206 552 6
225 494 334 553 cimum
356 494 503 571 pervenit,
529 499 677 553 maturum
699 501 884 570 procreatur.
923 493 997 553 alter
1019 499 1118 554 autem
1140 493 1191 553 ille
1260 503 1261 510 ’

209 585 341 656 partus,
364 578 414 655 qui
430 577 524 638 maior
540 584 598 644 est,
622 577 726 637 maiori
742 593 867 636 numero
884 579 1069 648 continetur,
1092 585 1191 655 septe-

223 663 307 721 nario
329 661 455 731 scilicet,
483 678 541 739 quo
562 667 623 720 tota
640 661 694 721 vita
716 660 843 721 bumana
865 661 980 732 finitur,
1008 669 1039 722 ut
1055 671 1086 723 et
1101 661 1192 722 Solon
1260 729 1261 756 ¹

224 745 325 806 scribit
346 752 375 805 et
389 745 490 806 ludaei
509 747 538 804 in
560 744 676 805 dierum
698 745 829 806 omnium
852 747 985 806 numeris
1000 755 1143 807 secuntur
1164 754 1229 807 eta
1260 767 1261 800 r

223 830 417 890 Etruscorum
438 828 507 890 libri
527 827 648 890 rituales
667 829 802 890 ridentur
822 829 964 890 indicare.
996 831 1191 909 Hippocrates
1260 831 1261 900 ξ

224 932 342 992 quoquo
371 912 478 990 aliique
507 913 615 974 medici
643 914 673 972 in
704 930 865 990 corporum
894 913 1106 976 valitudinibus
1131 933 1190 975 non

224 996 303 1058 aliud
319 997 492 1058 ostendunt:
517 1015 585 1057 nam
607 998 765 1077 septimum
787 1015 934 1076 quemque
950 998 1027 1059 diem
1050 1001 1190 1059 crisimon
1260 1017 1261 1034 t

192 1091 206 1141 7
225 1081 392 1142 observant.
423 1082 521 1160 itaque
542 1087 575 1141 ut
596 1079 716 1142 alterius
731 1087 833 1159 partus
849 1084 934 1160 origo
954 1085 985 1142 in
1001 1101 1052 1142 sex
1069 1091 1115 1144 est
1130 1084 1190 1144 die·

225 1165 294 1235 bus,
317 1171 384 1242 post
399 1183 473 1244 quos
489 1183 590 1226 semen
605 1166 635 1224 in
651 1166 823 1243 sanguinem
840 1169 979 1236 vertitur,
1001 1168 1039 1227 ita
1056 1167 1145 1230 huius
1161 1169 1190 1228 in
1213 1180 1243 1230 10

225 1257 354 1330 septem;
379 1257 407 1310 et
422 1257 454 1310 ut
467 1249 510 1309 ibi
524 1250 653 1329 quinque
675 1258 703 1310 ot
719 1251 837 1328 triginta
860 1249 964 1312 diebus
985 1250 1082 1312 inians
1097 1270 1191 1313 mem·

224 1333 344 1404 beatur,
375 1336 413 1394 ita
439 1335 488 1395 hic
518 1351 572 1412 pro
599 1335 735 1411 portione
762 1334 865 1395 dicbus
894 1335 957 1396 lere
985 1336 1188 1414 quadraginta.

225 1437 317 1496 quare
343 1419 372 1479 in
394 1419 516 1479 Graecia
539 1419 601 1478 dies
626 1417 737 1479 habent
762 1420 1022 1497 quadragensimos
1049 1422 1189 1499 insignes

224 1520 352 1581 namque
372 1519 538 1581 praegnans
558 1509 626 1562 autc
646 1503 725 1564 diem
740 1503 1019 1582 quadragensimum
1039 1521 1098 1564 non
1120 1521 1190 1582 pro-

226 1587 267 1647 dit
285 1588 315 1646 in
332 1587 448 1655 fanum,
476 1593 506 1647 et
520 1594 587 1665 post
601 1593 719 1665 partum
740 1586 932 1666 quadraginta
948 1587 1053 1649 diebus
1073 1588 1190 1668 plerae-
1210 1605 1240 1653 15

225 1689 283 1751 que
304 1670 380 1732 fetae
401 1672 552 1748 graviores
567 1680 636 1731 sunt
650 1689 705 1732 nec
727 1673 901 1750 sanguinem
924 1673 1072 1733 interdum
1096 1677 1191 1735 couti-

225 1766 314 1824 nent,
336 1764 365 1816 et
386 1754 499 1833 parvoli
518 1756 611 1816 terme
632 1773 686 1834 per
701 1755 755 1816 bos
778 1754 870 1836 [lere]
893 1757 1021 1817 morbidi
1043 1759 1107 1818 sine
1129 1759 1191 1819 risu
1260 1769 1261 1808 ἕ

225 1857 281 1900 nec
302 1841 366 1900 sine
387 1837 519 1917 periculo
540 1845 617 1900 sunt.
662 1839 700 1900 ob
724 1857 812 1917 quam
833 1857 966 1916 causam,
994 1859 1060 1901 cum
1083 1845 1107 1902 is
1128 1843 1190 1904 dies
1260 1873 1261 1917 p

225 1924 393 2002 praeteriit,
417 1924 494 1984 diem
517 1922 625 1983 festum
646 1923 741 1984 solent
758 1925 884 2000 agitare,
907 1924 984 2003 quod
1007 1935 1123 2004 tempus
1139 1944 1190 2006 ap·
1260 1925 1261 1952 ¹

191 2015 208 2065 8
224 2006 336 2085 pellant
355 2008 644 2084 τεεεερακοεταῑον.
682 2007 713 2069 1ιί
733 2009 822 2087 igitur
844 2010 906 2070 dies
926 2009 1120 2088 quadraginta
1136 2029 1190 2090 per
1208 2027 1239 2076 20

226 2099 338 2169 septem
359 2089 425 2152 illos
447 2090 773 2171 initiales'multiplicati
793 2093 866 2153 fiunt
883 2094 945 2154 dies
968 2094 1087 2155 ducenti
1109 2103 1191 2156 octo·
1260 2135 1261 2140 κ

225 2177 320 2252 ginta,
342 2175 371 2236 id
387 2183 432 2237 cst
446 2175 648 2238 hebdomadae
663 2177 872 2256 quadraginta:
896 2179 946 2240 sed
964 2181 1101 2258 quoniam
1123 2179 1191 2240 ulti·

224 2279 290 2320 mae
310 2258 388 2320 illius
408 2259 600 2322 hebdomadis
615 2263 713 2340 primo
729 2261 775 2321 die
799 2262 895 2324 editur
916 2271 1033 2342 partus,
1044 2307 1046 2312 -
1059 2282 1110 2326 sex
1126 2264 1192 2326 dics

224 2344 372 2403 decedunt
398 2352 427 2402 et
448 2343 686 2406 ducentensimus
711 2347 966 2424 septuagensimus
986 2356 1109 2426 quartus
1135 2348 1191 2410 ob-

225 2433 368 2487 servatur.
420 2429 471 2504 qui
500 2445 643 2489 numerus
673 2429 787 2489 dierum
818 2430 854 2492 ad
884 2438 1072 2508 tetragonum
1107 2431 1189 2494 itum
1209 2448 1238 2496 aa

190 2521 207 2570 9
226 2509 439 2572 Chaldaeorum
469 2518 658 2590 conspectum
682 2512 829 2574 subtiliter
850 2518 1000 2594 congruit:
1033 2534 1100 2577 nam
1122 2535 1190 2578 cum

292 2733 316 2780 3.
335 2731 440 2781 maiore
463 2730 490 2778 V
553 2732 579 2782 4.
597 2731 702 2781 uitato
724 2731 750 2780 V
766 2733 826 2785 add.
849 2749 881 2787 m.
899 2749 953 2788 rec.
1023 2736 1047 2788 5.
1071 2733 1142 2786 tuder
1165 2739 1192 2786 D

223 2801 376 2862 sequuntur
397 2797 425 2845 V
473 2801 559 2848 stom.
573 2798 598 2847 D
667 2799 690 2847 6.
709 2798 888 2865 hippocnarts
907 2803 940 2864 D,
959 2801 1144 2867 hyppocrates
1167 2805 1196 2853 V

226 2866 265 2916 10.
284 2866 326 2914 ita
346 2869 373 2915 et
395 2865 420 2913 V
487 2865 589 2916 ttubi
605 2865 631 2914 V
680 2870 853 2932 rntoeunaD
922 2871 963 2919 12.
982 2883 1146 2934 ponrtrtoue
1166 2873 1191 2920 I)

225 2933 268 2982 13.
286 2929 526 2997 quabnapinstmos
544 2933 577 2993 D,
598 2932 823 2999 quadragesimos
845 2935 873 2984 V
921 2937 1046 3003 insignes
1068 2938 1101 3000 V,
1119 2954 1191 2990 corr.

225 3002 239 3046 1
260 3014 292 3048 m.
364 3000 404 3048 14.
428 3013 572 3065 pecoribus
590 3015 659 3047 aaa*
678 3016 749 3052 aune
775 3000 885 3066 (litteris
909 3011 1029 3070 quattuor
1051 3008 1190 3072 quinqueve

225 3064 319 3128 erasis)
338 3064 379 3128 D,
403 3080 541 3131 pregnans
560 3070 626 3117 ante
649 3068 676 3116 V
741 3069 981 3135 quadragesimum
1003 3073 1031 3123 V
1094 3088 1191 3140 proce·

224 3131 266 3180 dit
293 3133 354 3182 dV
419 3133 459 3185 17.
486 3133 597 3198 paruuli
627 3134 655 3184 V
718 3133 790 3203 fere]
819 3135 920 3188 infirmi
945 3140 1123 3192 Lacbrnannua

225 3200 268 3249 19.
286 3213 440 3263 pasceretur
458 3200 515 3250 DV
580 3215 747 3267 aquescens,
765 3207 813 3257 aed
830 3207 936 3256 alterum
954 3223 988 3258 ae
1007 3224 1118 3268 mosum,
1138 3210 1163 3258 Ι)

224 3267 266 3316 ab.
287 3278 508 3318 ecceecxocreuu
525 3268 564 3327 D,
589 3283 841 3326 necoonanosrenu
863 3274 891 3323 V
894 3310 902 3337 ‚
926 3290 993 3327 corr.
1013 3277 1190 3326 Lucumonem

224 3332 262 3382 hu
280 3335 305 3382 Ι)
375 3335 417 3384 at.
436 3333 568 3385 buccanm
587 3351 747 3403 ocnooennc
765 3338 921 3405 (octoginta
940 3341 968 3407 d)
987 3346 1011 3392 D
1080 3345 1122 3397 22.
1142 3343 1190 3394 eb-

223 3399 357 3451 domadae
379 3399 407 3449 V
470 3403 511 3453 28.
531 3402 690 3456 ebdomadis
711 3406 738 3455 V
798 3406 855 3459 bie*
882 3407 951 3472 (bien
970 3417 1029 3460 ante
1046 3409 1113 3473 rua.)
1131 3413 1156 3459 D

113 3491 116 3495 ·
225 3467 266 3516 24.
286 3466 489 3519 ducentesimus
508 3472 730 3536 septuagesimus
753 3480 864 3537 quartus
889 3473 1074 3541 (conpertus)
1098 3479 1123 3526 V

223 3531 265 3585 26.
283 3534 469 3587 ohcnbeotmm
487 3535 544 3586 DV
