2588 4066
440 263 646 314 nnnnnnnnt
668 264 744 314 cin.
761 266 820 314 vn.
1073 251 1114 316 61

147 421 203 484 per
222 421 257 465 ee
277 404 381 482 positio
400 406 479 465 notis
499 402 661 482 aequaliter
680 405 776 484 posite
797 413 851 466 est.
897 407 1049 468 summitas
1071 415 1116 468 cst

149 488 232 568 qnod·
257 487 472 565 longitudinem
497 497 527 550 et
546 492 736 552 latitudinem
756 496 869 551 tantum
890 489 988 552 hebet
1034 501 1148 554 sum-2

147 574 260 634 minatis
278 573 352 634 fines
371 572 467 634 linem
487 582 565 634 sunt.
613 572 714 652 pleno,
740 590 816 651 quee
836 573 944 638 dicitur
966 576 1114 653 epipedos,

147 658 301 719 summitas
322 666 367 719 est
386 675 462 738 quoe
482 675 572 735 snper
591 676 624 719 se
644 657 747 737 positis
768 659 857 720 rectis
878 658 964 720 lineis
986 659 1115 739 ceqneli·

113 751 131 801 o
149 750 196 802 ter
215 743 313 820 posita
327 749 383 812 est,
405 741 450 803 vel
467 759 544 821 quae
557 744 618 804 snie
633 741 742 804 tinibus
761 742 923 822 aequaliter
944 745 1042 823 posite·
1060 751 1112 806 est.

148 824 256 905 plenos
283 825 409 904 angulus
432 834 477 888 eet
503 828 532 888 in
557 826 677 905 planitie
700 826 824 888 ducrum
851 825 995 890 linearum
1017 845 1115 889 ncne

148 911 271 987 regione
291 913 455 990 positorum
476 911 514 972 ed
536 929 628 974 unum
649 913 768 989 signum
784 912 958 990 contingens
973 914 1114 974 curvatio.

150 995 224 1056 haec
244 994 341 1056 lineae
355 1013 431 1076 quae
453 995 593 1075 anguium
615 997 768 1056 continent
783 1013 850 1057 cum
871 1004 969 1060 rectae
985 1004 1067 1067 sunt,
1091 998 1116 1057 is

148 1078 273 1156 angulus
292 1081 382 1141 rectis
402 1079 487 1142 lineis
508 1080 654 1142 contineri
673 1080 790 1141 dicitur.
827 1082 852 1141 si
873 1086 955 1146 rootc
974 1081 1051 1143 linea
1067 1099 1115 1142 sn·
1134 1091 1150 1140 3

98 1174 131 1223 10
148 1179 203 1241 pra
217 1171 332 1225 rectem
350 1163 457 1226 lineam
472 1173 553 1226 stens
569 1167 726 1226 continuos
746 1163 870 1242 angulos
889 1166 968 1227 inter
982 1185 1014 1226 ee
1030 1183 1116 1243 peres

149 1247 232 1318 iacit,
254 1255 318 1310 tnm
339 1255 465 1327 uterque
487 1267 522 1310 ex
544 1248 667 1327 peribus
688 1246 803 1327 anguiis
824 1256 924 1310 rectus
945 1250 1065 1318 dicitur,
1088 1258 1117 1310 ct

149 1350 183 1393 en
198 1331 276 1394 linea
291 1334 406 1396 Graece
422 1333 569 1402 cathetoe,
592 1333 694 1394 Latine
709 1332 852 1394 normolic
866 1333 983 1395 dicitnr.
1015 1343 1116 1396 rectus

149 1415 276 1493 angulus
291 1425 337 1479 eet
350 1417 485 1479 modicus
500 1425 529 1478 et
544 1416 599 1479 sibi
605 1433 789 1496 congruens,
806 1416 898 1480 hebes
913 1420 1008 1480 maior
1022 1426 1114 1486 recto,

149 1510 252 1563 ocutus
267 1503 364 1563 minor
379 1511 472 1564 recto.

98 1705 130 1754 15
518 1642 744 1756 ommonem.
1133 1701 1151 1762 t

212 1838 322 1916 Figere
343 1846 388 1899 est
402 1855 478 1917 qnec
498 1836 597 1918 aliquo
613 1839 671 1899 fine
692 1846 742 1900 ent
762 1837 908 1917 eiiqnibns
922 1837 1030 1900 tinibus
1046 1855 1116 1898 con-

148 1922 268 1984 tinetur.
304 1921 433 1984 circulus
449 1930 493 1984 est
507 1924 601 2001 figure
622 1921 710 2001 piena
730 1939 787 1983 una
802 1921 881 1984 linea
901 1922 1116 2002 conprehensa,

150 2003 203 2066 'sin
219 2023 308 2084 quem
323 2008 438 2068 mediae
452 2024 557 2069 omnes
573 2005 669 2068 lineae
689 2007 767 2068 inter
783 2024 815 2068 sc
831 2024 918 2086 peres
932 2015 1011 2068 sunt.
1046 2023 1117 2068 cen·

148 2098 218 2152 tron
234 2099 279 2152 est
294 2098 362 2152 note
379 2090 483 2153 circuli
498 2090 596 2152 medii.
629 2090 794 2152 diametron
817 2101 861 2152 est
874 2098 955 2152 recta
971 2089 1049 2152 tinec
1064 2108 1117 2168 per
1136 2099 1152 2148 2

98 2185 133 2234 20
151 2183 276 2236 centron
290 2177 411 2238 inmisso
433 2183 462 2237 et
483 2177 514 2236 in
537 2182 694 2254 utramque
710 2184 826 2254 portem
842 2191 946 2236 senens
961 2172 1116 2235 circutum.

151 2259 359 2338 hemicyclium
372 2258 475 2320 circuli
487 2258 651 2320 dimidium.
669 2258 912 2338 euthygrammoe
924 2257 1038 2319 formae
1050 2267 1120 2319 sunt

150 2362 227 2423 qnae
247 2346 337 2406 rectis
357 2343 445 2406 lineis
464 2345 661 2406 continentur.
703 2345 853 2422 trigonum
874 2342 1055 2411 trilaternm,
1077 2350 1118 2403 te·

151 2436 314 2506 tranonnm
341 2427 421 2506 qnod
448 2436 601 2508 quattuor,
632 2426 842 2489 multilaterum
870 2425 950 2508 qnod
970 2425 1115 2505 pluribus.

155 2594 356 2610 nub—*n*

218 2699 243 2748 1.
261 2698 352 2750 noctis
374 2699 402 2748 V
460 2711 556 2762 postne
569 2713 601 2748 en
614 2708 759 2748 commisce
772 2710 821 2746 esn
833 2696 894 2753 DV,
913 2711 983 2746 corr.
999 2695 1121 2746 Cauchius

150 2767 175 2816 2.
195 2769 223 2816 et
240 2765 497 2832 latitudinemuadd.
516 2765 614 2815 latone
631 2780 667 2815 eo
684 2763 767 2814 Balbo
782 2761 1051 2828 p.99,12(bnctm.)

150 2835 176 2884 3.
194 2846 268 2885 mnne
286 2847 385 2884 nnncne
403 2847 490 2897 cupere
508 2847 601 2898 poene
619 2831 680 2890 DV,
698 2847 767 2882 corr.
788 2829 911 2880 Canotiuc
978 2831 1004 2883 8.
1021 2829 1074 2880 hee
1097 2830 1124 2879 V

150 2902 222 2966 nomo
291 2915 378 2951 necne
400 2901 426 2949 D
495 2914 556 2952 einr
579 2900 645 2958 DV,
669 2913 739 2952 eom.
761 2897 894 2948 Manutius
961 2896 1006 2948 hie
1028 2897 1054 2948 D
1131 2898 1137 2910 “

151 2969 192 3016 11.
215 2968 286 3020 fecit
312 2969 337 3018 V
404 2963 477 3034 tum]
507 2978 622 3018 nannum
652 2966 709 3015 DV
775 2966 814 3015 12.
844 2980 878 3015 en
901 2979 1002 3016 ennena
1024 2965 1061 3022 D,
1094 2969 1122 3015 et

151 3034 244 3101 aliena
265 3035 292 3084 V
358 3048 475 3085 nernnne
498 3051 530 3085 ac
545 3032 798 3100 pnetea'nncabnlum
816 3049 916 3084 erasnm
933 3035 958 3083 D
1029 3034 1069 3084 m.
1088 3029 1122 3082 de

152 3100 246 3166 figuris
265 3117 340 3154 ceren
352 3103 470 3153 corniano
487 3103 516 3152 V
581 3098 621 3153 17.
638 3115 693 3151 une
712 3097 741 3164 (n
758 3099 861 3166 torar.)
881 3103 906 3151 D
977 3103 1017 3152 18.
1036 3097 1122 3150 metra

152 3180 239 3221 omnis
256 3169 316 3220 DV
379 3183 485 3222 cernon
504 3171 537 3230 D,
555 3171 605 3220 ced
615 3181 632 3220 n
648 3169 735 3236 prima
746 3185 786 3234 nn,
804 3169 950 3229 intendetur,
969 3183 1048 3233 nuper
1065 3183 1119 3218 ner·

150 3283 205 3318 eun
226 3271 288 3323 add.
359 3273 400 3326 19.
429 3285 500 3323 none
523 3268 555 3334 (c
577 3272 604 3321 in
626 3271 695 3333 rac.)
716 3272 742 3324 D
810 3271 852 3322 20.
880 3251 1007 3320 ocnnnon
1029 3269 1054 3318 D

153 3336 255 3387 emisse
271 3341 345 3404 culon
412 3341 455 3390 21.
475 3348 643 3390 eniterenum
661 3339 719 3390 DV
784 3347 1000 3402 ennrcnnmmno
1018 3336 1043 3384 D
1066 3332 1125 3399 (red

153 3415 187 3454 en
206 3418 257 3454 non
266 3408 435 3471 perspicuam
451 3412 559 3471 poscunt
573 3409 650 3458 etiam
661 3410 713 3473 teni
730 3403 785 3466 en),
804 3405 984 3470 entiffrnmme
1006 3405 1032 3452 V
1037 3399 1055 3465 ¹,
1075 3417 1123 3454 cn·

151 3473 305 3539 tygremme
327 3475 352 3524 V
356 3472 367 3506 ¹
435 3476 478 3526 22.
502 3487 574 3539 quoe
596 3487 727 3540 cuperem.
751 3475 778 3524 in
794 3472 821 3523 D
842 3473 947 3537 antiqua
968 3485 1055 3522 mcccc
1144 3521 1149 3530 ,

148 3544 323 3608 tetragonum
340 3557 387 3593 om.
405 3543 431 3592 D
