2588 4066
211 259 259 352 Ι66
504 295 709 345 raaonnuri
733 293 808 343 car.
824 293 898 341 xrn.

184 451 202 500 4
283 437 529 500 animadvertisse
556 436 685 497 chordae
707 435 839 495 sonantis
867 432 1037 493 suavitatem
1059 433 1087 492 in
1116 448 1190 492 arc-u

224 521 365 604 [sororis]
382 519 548 601 Apollinem
566 520 688 581 tradunt
709 527 737 580 et
759 517 921 600 intendisse
937 518 1073 594 protinus
1095 515 1191 577 eitha-

220 626 298 679 ram,
324 615 386 667 tum
403 612 519 667 notasse
536 605 615 684 quod
630 603 816 664 adstrictiora
833 601 879 661 tila
895 618 1054 662 nervorum
1071 602 1100 660 in
1117 618 1189 661 aeu-

220 711 289 753 men
311 692 528 760 excitarentur,
556 687 693 768 grauibus
713 685 932 766 responderent
952 686 1091 752 remissa,
1120 684 1190 744 inde

220 777 325 838 iecisse
354 781 414 836 tres
435 776 547 852 primos
573 773 609 834 tle
636 771 743 849 quibus
770 788 859 849 supra
887 771 996 830 dietum
1025 776 1082 830 est:
1112 769 1224 828 hanes

221 861 372 940 excepisse
393 859 587 920 intentionem
608 857 769 937 Lycorem
798 873 884 933 quem
902 853 1025 931 quidam
1045 851 1191 931 Apollinis

221 945 312 1006 filium
334 943 454 1004 tradunt
481 949 510 1004 el
531 941 676 1020 nymphae
696 941 885 1009 Paramesae,
915 961 930 999 e
953 937 1190 1017 Chrysothemirli
1273 1003 1274 1014 y

220 1029 390 1108 reliquisse:
414 1026 449 1088 ab
473 1046 507 1087 eo
529 1027 697 1088 adiunctum
715 1024 835 1085 modum
852 1025 902 1102 qui
923 1039 1131 1102 synemmenos
1147 1021 1190 1080 di·
1273 1021 1274 1080 i

222 1115 311 1174 citur:
350 1112 430 1171 burro
460 1128 617 1172 numerum
647 1111 761 1170 auxisse
789 1107 993 1185 Terpandrum
1025 1106 1192 1167 adiectione

221 1198 448 1275 diezeugmenu‚
473 1197 522 1275 qui
537 1196 649 1274 primus
666 1213 682 1255 a
697 1192 834 1272 gravibus
850 1194 879 1251 in
896 1208 1018 1252 acumen
1035 1191 1188 1251 avertitur.
1210 1198 1238 1246 10

222 1282 328 1342 deinde
349 1280 522 1340 Timotheus
546 1279 655 1340 addidit
676 1278 764 1347 duos,
795 1293 970 1354 paramesen
992 1282 1021 1336 et
1041 1273 1190 1354 hyperbo-

222 1365 317 1427 laeon.

102 1521 104 1528 y
188 1445 204 1494 ὅ
285 1449 402 1510 lnitium
419 1448 498 1508 modi
514 1449 621 1508 dicitur
637 1446 734 1512 diesis,
754 1445 907 1506 dimidium
923 1444 1190 1512 semitoniumto·

222 1543 284 1594 turn
302 1542 395 1594 tonos.
429 1533 489 1592 toni
506 1533 563 1591 duo
588 1539 616 1592 et
632 1531 768 1590 dimidius
791 1529 971 1590 diatessaron
987 1528 1190 1596 nominantur,
1273 1529 1274 1532 ’

222 1629 283 1678 tres
300 1626 328 1678 et
344 1617 481 1677 dimidius
497 1616 649 1693 diapente,
667 1632 717 1675 sex
735 1615 885 1691 diapason.
1210 1621 1236 1668 15

285 1702 365 1762 llaec
381 1702 507 1761 musicae
524 1717 637 1760 summa
654 1706 729 1759 sunt.

173 1881 207 1960 13
433 1901 482 1950 nn
501 1899 633 1950 narnis
652 1901 691 1950 In
711 1899 777 1950 usu
796 1899 970 1950 nunnius.

286 2036 378 2097 blatra
395 2036 516 2105 Graece,
538 2036 641 2096 Latine
664 2035 779 2095 numeri
800 2041 950 2094 vocantur.
981 2049 1124 2093 numerus
1147 2039 1191 2092 est
1273 2061 1274 2104 y

224 2120 389 2199 aequalium
412 2120 518 2197 pedum
541 2118 669 2196 legitima
691 2119 845 2178 ordinatio.
876 2119 964 2179 huius
984 2135 1053 2196 pars
1073 2118 1190 2196 integra
1273 2125 1274 2188 i

223 2224 290 2284 pes;
312 2212 411 2282 partes
432 2211 501 2264 sunt
517 2203 625 2282 pedum
647 2202 788 2282 syllabae,
813 2201 957 2263 elementa
978 2219 1187 2269 numerorum
1207 2212 1237 2260 20

190 2301 205 2348 2
223 2289 380 2349 modorum
404 2287 548 2348 elementa
564 2289 656 2365 spatia
672 2286 849 2366 syllabarum
872 2305 906 2347 ao
923 2294 1067 2364 tempora.
1098 2285 1189 2364 pedes

223 2381 432 2450 conponuntur
450 2390 485 2432 ex
501 2370 620 2450 syllabis
635 2372 789 2433 minimum
804 2371 889 2441 binis
906 2370 1065 2450 plurimum
1082 2371 1186 2436 ternis:

222 2457 366 2532 incipiunt
387 2455 570 2533 temporibus
585 2455 673 2525 binio,
697 2455 733 2515 ad
750 2474 821 2516 sena
842 2456 1033 2534 perveniunt;
1058 2452 1188 2534 bisyllabi

223 2547 375 2619 quattuor,
406 2537 549 2618 trisyllabi
576 2547 652 2600 octo.
698 2538 799 2618 plures
826 2557 912 2618 quam
945 2538 1099 2599 duodecim
1127 2556 1188 2598 esse

222 2643 280 2685 non
297 2630 431 2702 possunt.
1204 2630 1233 2680 25

292 2761 314 2808 1.
329 2758 559 2809 animadvertisse
573 2758 690 2808 chordae
703 2759 887 2818 Lacrumantem,
907 2771 978 2808 euim
998 2755 1129 2808 autiernus
1148 2773 1189 2807 se·

223 2825 311 2875 cuube
329 2825 395 2885 DV,
421 2825 648 2878 animadvertisse
672 2826 810 2875 secundae
830 2826 970 2876 Urltcltrr'us
990 2825 1054 2888 (Eos
1071 2825 1108 2874 II
1125 2827 1189 2875 1866

219 2909 248 2957 p.
266 2890 326 2956 4⁶0)
398 2894 547 2944 suavitatis
569 2895 596 2943 V
663 2908 728 2942 arou
753 2894 856 2943 sororis
879 2893 903 2942 V
925 2896 1007 2958 aulqo,
1033 2890 1187 2956 aucns'louo
1273 2927 1274 2944 i

223 2959 285 3076 itu
299 2961 427 3076 ttt'ttt·
447 2960 783 3078 {liltlfflailiubim
799 2959 1187 3079 pzpppgmop.apppp3p

220 3095 247 3143 4.
270 3091 400 3158 gravibus
424 3063 499 3144 ’sonis
523 3098 587 3146 coni.
611 3096 708 3145 Iobnos
777 3097 800 3146 5.
830 3110 978 3146 recessere
1002 3096 1027 3144 Ι)
1096 3095 1119 3144 6.
1143 3109 1186 3144 ex-

222 3173 363 3225 cepisses*
380 3160 404 3209 1)
474 3175 594 3213 arconem
614 3164 645 3223 1),
664 3163 797 3226 liquorem
820 3163 853 3226 V,
871 3180 940 3214 corr.
952 3163 1050 3213 Ialnus
1069 3159 1144 3225 (Ber.
1162 3163 1185 3214 d.

221 3227 311 3278 So'rbs.
328 3229 386 3279 Ges.
405 3227 424 3276 I
435 3226 499 3294 417)
570 3233 594 3282 7.
612 3245 755 3296 paramese
776 3230 847 3294 (arne
867 3233 892 3280 in
904 3227 971 3294 ras.)
990 3231 1022 3292 D,
1043 3243 1186 3296 paramese

226 3297 257 3354 V,
276 3295 430 3346 Parnasiae
444 3298 551 3346 eterni.
564 3297 661 3346 labans
714 3297 918 3349 cursorhertubr
937 3297 991 3347 DV
1058 3298 1081 3347 8.
1101 3311 1134 3346 aa
1154 3312 1186 3346 ea

222 3363 278 3412 DV
330 3363 585 3426 sruheumeuosl),
606 3365 780 3424 sinenmenop
808 3367 833 3414 V
902 3364 1184 3421 autumaremus),

151 3433 155 3438 '
223 3427 418 3480 diezeumono
440 3430 466 3479 V
534 3433 574 3488 11.
597 3431 871 3496 hrpeanoneouDV
937 3434 977 3482 14.
1002 3430 1186 3481 rombtumer

222 3496 279 3545 DV
335 3495 524 3547 ‘braressauon
544 3496 584 3560 (ss
603 3500 628 3548 in
646 3497 711 3559 rus.)
732 3499 755 3547 D
824 3501 866 3551 20.
888 3515 942 3566 pen
960 3513 1066 3563 porres
1085 3500 1142 3550 DV

20 3585 132 3711 f
296 3561 408 3622 aaa’li,
428 3564 538 3628 syllaba
562 3566 588 3615 V
655 3567 840 3616 uumeauml)
908 3568 949 3617 23.
970 3565 1002 3615 ab
1022 3581 1053 3616 se
1072 3566 1128 3616 DV
