2558 4062
159 246 225 292 VIII
539 245 749 294 PRAEFATIO·

158 382 268 446 forma
288 381 459 462 καναφόρα
486 380 594 446 adhuc
619 402 685 446 non
706 382 837 466 cognita
857 381 922 446 nisi
947 403 990 446 ex
1012 381 1137 468 Hesy-'

160 490 246 556 chio.
275 490 376 556 Aliud
391 489 555 556 Graecum
577 489 774 556 vocabulum
794 491 939 558 nondum
960 501 1126 576 receptum

160 602 195 664 in
221 610 336 667 nostra
368 599 474 666 lexico
500 599 580 666 latet
609 601 644 664 in
671 598 782 686 glossa
810 623 894 688 quae
921 600 1021 687 paulo
1053 609 1127 666 ante

163 715 214 799 (p.
235 711 288 793 57,
310 711 350 796 2)
380 711 522 796 primum
544 710 683 796 margini
706 710 872 798 adscripta
893 711 973 794 fuit,
1001 721 1071 776 tum
1092 711 1128 774 in

161 831 352 888 contextum
366 821 544 887 verborum
559 819 663 886 illata.
698 821 766 887 Ubi
781 821 925 888 dubitari
940 844 1006 888 non
1020 831 1128 908 potest

161 934 240 1018 quin
269 941 358 996 recte
391 935 586 996 antatoecltoe
618 931 788 1019 scripserit
819 931 943 998 Iahnus
975 930 1128 996 Isaacnm

160 1041 317 1106 Vossium
345 1051 494 1123 secutus3
531 1041 618 1126 quod
645 1051 754 1108 autem
780 1041 815 1105 in
842 1041 954 1107 codice
981 1041 1129 1128 sequitur

161 1158 326 1230 untiscepe,
348 1150 384 1217 id
397 1173 459 1217 nec
474 1153 596 1226 calceat,
618 1159 656 1216 ut
670 1152 776 1216 suasit
790 1151 919 1234 carrio,
940 1173 1001 1216 nec
1015 1150 1129 1216 Lach-

161 1262 373 1326 mannianum
402 1267 543 1325 caradoc
569 1261 674 1326 fuisse
701 1260 848 1344 videtur,
876 1260 936 1326 sed
957 1261 993 1325 id
1019 1263 1129 1346 ipsum

162 1371 248 1458 quod
270 1369 456 1436 Nunnesius
483 1370 718 1457 interpretatus
740 1381 790 1437 est
810 1378 864 1450 qui
884 1378 985 1436 aversi
1003 1382 1130 1434 contru-

162 1488 223 1544 re'os
245 1487 331 1560 polos
357 1489 513 1560 spectent?
534 1490 568 1546 at
595 1501 674 1545 vcro
701 1479 765 1546 hoc
785 1504 852 1546 non
879 1492 930 1547 est
951 1480 1130 1547 barbarum

163 1596 347 1670 antiscepua
370 1600 407 1656 ut
428 1589 484 1654 ille
506 1587 627 1671 voluit,
655 1588 715 1655 sed
736 1597 904 1672 antiscopoe
926 1591 996 1655 sive
1018 1588 1130 1655 Grae-

162 1723 237 1767 cum
259 1701 453 1768 ἀντίεκοποι.
496 1699 648 1785 Denique
676 1700 776 1764 etiam
797 1699 887 1787 apud
908 1701 1016 1787 ipsum
1039 1699 1130 1766 Cen-

162 1812 308 1878 sorinum
322 1808 490 1876 insolitam
503 1809 643 1874 formam
658 1803 819 1875 Graecam
830 1808 962 1876 Halmio
978 1819 1131 1876 monente

163 1945 180 1986 e
202 1920 315 1986 codice
337 1918 484 2000 restitui,
512 1925 695 1982 enneaeteris
717 1941 748 2005 p.
770 1920 826 2002 37,
849 1920 905 2002 12,
935 1920 988 1984 oui
1010 1917 1132 1984 similia

163 2040 238 2096 sunt
265 2028 429 2097 ἐννεαετία
455 2037 488 2092 et
514 2029 698 2110 ἐννεαετήε,
726 2029 767 2094 de
794 2031 913 2114 quibus
941 2029 1017 2094 vide
1039 2029 1129 2093 Din-

163 2139 284 2207 dorfios
306 2139 342 2204 in
363 2136 523 2224 Stephani
545 2139 709 2204 thesauro.

247 2248 384 2314 Manent
412 2269 464 2310 me
484 2246 566 2312 haec
588 2249 717 2311 Graeca
737 2256 775 2311 ut
796 2247 910 2333 paucis
938 2245 1130 2329 significem,

165 2379 263 2444 quam
284 2377 434 2422 normam
455 2363 489 2418 et
509 2355 544 2419 in
561 2354 696 2419 Graecis
719 2354 887 2420 vocabulis
910 2364 944 2420 et
964 2356 999 2419 in
1020 2377 1130 2420 nume-

164 2468 211 2530 ris
240 2462 423 2530 scribendis
446 2472 578 2528 secutus
602 2465 675 2528 sim.
719 2462 804 2528 Nam
826 2485 901 2529 cum
928 2485 972 2528 ex
991 2475 1131 2550 utroque

164 2596 283 2661 genere
298 2571 461 2659 permulta
475 2594 534 2658 pro
549 2572 714 2638 brevitate
729 2571 806 2638 libri
825 2574 1132 2662 reperianturapud

165 2683 398 2762 Censorinum,
435 2681 567 2746 minime
599 2704 639 2746 ea
669 2704 722 2746 res
754 2683 958 2769 neglegenda
988 2685 1130 2750 videtur.

164 2793 311 2858 Primum
332 2801 443 2857 autem
463 2791 526 2858 boc
547 2791 627 2856 mihi
648 2814 843 2878 persuasum
869 2816 942 2858 esse
962 2793 1130 2879 profiteor,

166 2911 291 2966 certam
312 2900 419 2984 legem
439 2922 545 2987 neque
573 2900 655 2966 alios
678 2904 853 2988 scriptores
876 2902 1048 2989 plerosque
1069 2922 1131 2965 nec

167 3009 381 3076 Censorinum
408 3009 472 3074 sibi
494 3011 660 3092 sanxisse,
690 3033 732 3076 ex
754 3033 818 3098 qua
844 3020 878 3076 et
898 3031 1051 3076 numeros
1073 3021 1131 3075 aut

163 3119 251 3186 notis
274 3127 332 3183 aut
352 3116 470 3184 litteris
493 3129 526 3184 et
541 3118 671 3185 Graeca
691 3131 750 3186 aut
770 3122 908 3188 Graecis
931 3129 989 3184 aut
1001 3119 1131 3186 Latinis

165 3228 318 3294 ductibus
341 3229 537 3312 scriberent3
561 3229 620 3294 sed
641 3229 772 3314 regulas
787 3228 920 3317 quidem
942 3229 1044 3296 fuisse
1066 3226 1133 3294 ali-

163 3359 262 3423 quas,
284 3360 491 3426 nequaquam
513 3347 625 3404 tamen
646 3338 874 3404 immutabiles.
912 3339 998 3404 Tum
1018 3339 1133 3425 negari

163 3469 230 3512 non
251 3460 362 3534 potest
383 3461 508 3514 veteres
531 3448 684 3516 librarios
705 3449 740 3514 in
761 3448 984 3516 describendis
1007 3450 1135 3516 codici-
