2588 4066
369 261 417 308 oo
440 261 501 308 oro
523 261 655 309 maraci
676 261 751 310 oar.
775 263 862 310 xxrr.
1036 249 1077 312 47

106 399 284 480 quibusdam
307 399 344 461 ab
368 409 435 461 ortu
455 398 659 478 vergiliarum,
686 400 834 462 nonnullis
856 401 892 462 ab
909 420 1011 464 earum
1027 422 1077 464 oc·

108 503 196 554 casu,
220 484 320 545 multis
338 504 354 544 a
370 487 451 547 canis
473 493 577 546 exortu
599 487 732 563 incipere
756 503 851 546 annus
872 486 1013 548 naturalis
1036 490 1077 548 vi·

108 568 206 632 detur.
534 629 538 636 .

171 654 318 714 Meosium
343 671 454 732 genera
478 653 552 714 duo:
586 671 654 714 uam
678 653 726 714 alii
747 662 815 715 sunt
836 654 998 726 naturales,
1029 655 1077 717 alii
1089 660 1127 720 22

72 738 218 799 ociviles.
257 739 435 800 naturalium
457 740 572 817 species
593 738 684 809 duae,
707 739 786 816 quod
803 741 908 816 partim
925 739 994 800 solis
1009 759 1076 819 par·
1095 754 1110 800 a

106 824 157 883 tim
175 821 263 883 lunae
279 841 343 883 esse
359 823 507 884 dicuntur.
535 823 699 884 secuudum
715 822 807 884 solem
823 825 855 885 m
871 827 989 893 mansis
1006 826 1076 886 dum

106 907 152 967 sol
174 907 420 985 unumquodque
441 909 471 967 iu
487 907 607 967 zodiaco
629 907 703 967 orba
718 909 835 984 signum
851 911 1011 988 percurrit;
1032 909 1076 970 lu·
1152 905 1156 912 '

107 991 189 1052 uaris
211 1000 255 1052 est
276 1000 374 1052 autem
391 995 534 1071 temporis
556 992 704 1068 quoddam
727 994 852 1070 spatium
874 1011 981 1054 anova
996 994 1075 1057 luna.

107 1074 206 1136 civiles
236 1093 353 1138 rrreoses
380 1086 446 1138 sunt
477 1078 594 1137 numeri
621 1076 738 1153 quidam
769 1077 884 1139 diarum
914 1096 989 1156 quos
1018 1092 1111 1140 una3

55 1173 89 1222 10
108 1178 246 1240 quaeque
266 1161 365 1221 civitas
381 1178 434 1222 suo
449 1161 581 1221 instituto
603 1160 754 1231 observat,
778 1170 809 1221 ut
824 1179 903 1222 nunc
917 1162 1044 1224 Romani
1060 1182 1076 1223 a

107 1243 242 1306 kalendis
257 1247 286 1305 iu
302 1244 452 1306 kalendas.
489 1244 637 1306 naturales
659 1253 688 1305 et
703 1246 884 1325 antiquiores
899 1253 928 1307 et
944 1249 1074 1308 omnium

107 1331 240 1407 gentium
262 1347 434 1390 communes
454 1339 537 1398 suut,
567 1328 666 1390 civiles
686 1337 715 1390 et
737 1332 883 1406 posterius
903 1333 1026 1392 instituti
1048 1339 1076 1391 et

107 1413 144 1475 ad
161 1431 414 1492 unamquamque
431 1417 580 1491 pertinent
595 1415 751 1475 civitatem.
775 1416 825 1492 qui
841 1423 909 1474 suut
925 1414 1074 1484 caelestes,
1093 1429 1109 1476 4

106 1500 168 1559 sive
183 1498 253 1560 solis
275 1517 327 1558 seu
342 1497 445 1573 lunae,
468 1517 565 1578 neque
579 1515 727 1576 peraeque
748 1500 826 1560 inter
846 1516 877 1559 se
897 1516 986 1579 pares
1007 1509 1076 1560 suut

56 1593 87 1641 15
107 1601 164 1645 nec
189 1584 253 1644 dies
278 1582 389 1645 habeut
414 1589 498 1643 totos
544 1585 653 1660 quippe
678 1580 721 1642 sol
742 1586 772 1642 in
800 1585 920 1662 aquario
942 1591 1075 1644 moratur

108 1669 227 1730 circiter
253 1667 468 1746 undetriginta,
504 1669 536 1728 in
562 1668 643 1745 pisca
669 1668 732 1728 iere
759 1670 891 1745 triginta,
928 1670 957 1728 iu
984 1670 1075 1729 ariete

107 1769 199 1814 unum
223 1760 252 1813 et
274 1753 407 1830 triginta,
434 1753 464 1816 iu
486 1753 611 1830 geminis
631 1769 725 1830 prope
746 1753 864 1830 triginta
886 1760 915 1812 et
931 1753 1019 1821 duos,
1047 1761 1075 1812 et

107 1839 150 1898 sic
170 1838 202 1897 iu
226 1839 332 1897 ceteris
357 1836 596 1915 inaequabiliter,
627 1835 679 1896 sed
701 1854 796 1914 usque
822 1837 895 1898 adeo
917 1855 976 1896 nou
997 1845 1075 1897 totos

107 1921 171 1982 dies
191 1923 222 1982 iu
242 1920 379 1998 singulis,
401 1929 434 1981 ut
454 1939 563 1982 annum
584 1939 686 1989 suum,
710 1921 737 1980 id
760 1928 804 1981 est
819 1921 882 1981 dies
897 1935 1030 1982 ccooxv
1047 1928 1076 1982 et

55 2015 88 2065 20
108 2007 276 2084 portionem
292 2008 392 2066 uescio
409 2023 496 2084 quam
513 2006 608 2066 adbuc
625 2004 780 2081 astrologis
796 2004 1026 2083 inexploratam,
1043 2008 1073 2065 in
1162 2055 1165 2060 .

106 2104 163 2152 ΧΠ
184 2107 252 2150 suos
267 2089 375 2152 dividat
390 2108 515 2151 meuses.
547 2090 617 2150 luua
631 2097 730 2150 autem
745 2088 877 2166 singulos
899 2107 968 2150 suos
990 2107 1072 2151 men·
1092 2103 1109 2150 o

107 2191 156 2236 scs
172 2174 289 2235 conticit
305 2174 409 2236 diebus
432 2175 631 2252 undetriginta
654 2175 772 2234 circiter
788 2181 817 2233 et
832 2173 997 2242 dimidiato,
1022 2173 1074 2236 sed

108 2267 137 2320 et
152 2259 206 2319 hos
221 2261 299 2320 iuter
314 2277 345 2320 se
368 2260 515 2338 dispares,
542 2257 613 2321 alias
628 2259 793 2334 longiores,
819 2253 889 2318 alias
910 2257 1072 2318 breviores.

108 2353 139 2404 at
159 2344 316 2404 eivitatium
338 2361 455 2405 menses
482 2343 527 2403 vel
548 2344 642 2421 magis
662 2359 787 2402 numero
808 2342 923 2402 dierum
943 2344 1020 2402 inter
1042 2359 1074 2402 se

55 2437 88 2486 25
108 2428 292 2518 discrepant,
315 2429 366 2490 sed
389 2428 451 2488 dies
473 2427 581 2506 ubique
603 2427 715 2488 habeut
735 2425 820 2486 totos.
851 2426 930 2505 apud
945 2425 1108 2488 Albanoso

107 2513 231 2574 Martius
254 2521 298 2574 est
312 2531 364 2574 sex
385 2521 415 2573 et
434 2513 568 2590 triginta,
590 2513 684 2572 Maius
706 2513 806 2588 viginti
828 2511 933 2581 duum,
956 2509 1074 2572 Sextilis

108 2597 324 2674 duodeviginti,
347 2596 522 2674 September
543 2597 685 2657 sedecim:
709 2595 943 2656 Tusculanorum
960 2596 1074 2666 Quinti·

107 2680 143 2742 lis
158 2683 220 2743 dies
236 2681 325 2742 habat
340 2695 460 2751 xxxvl,
477 2680 606 2742 October
626 2695 738 2754 xxxn,
755 2680 833 2739 idem
849 2677 979 2738 October
994 2678 1073 2757 opud

106 2767 243 2828 Aricinos
267 2779 431 2826 xxxvnll.
477 2767 598 2825 minime
619 2765 755 2824 videntur
776 2780 891 2823 errasse
907 2764 956 2839 qui
977 2762 1013 2822 ad
1029 2761 1107 2823 lu-'t

56 2859 91 2910 30
109 2868 164 2911 nae
180 2868 301 2912 cursum
317 2868 437 2911 menses
453 2848 550 2910 civiles
566 2847 839 2917 adcommodarunt,
856 2852 888 2905 ut
903 2848 934 2906 in
951 2846 1071 2907 Graecia

107 2933 257 3014 plerique,
280 2935 356 3013 apud
373 2952 447 3014 quos
471 2933 575 2996 alterni
591 2951 708 2994 menses
729 2932 766 2992 ad
781 2932 912 2990 tricenos
929 2930 990 2990 dies
1006 2938 1075 2991 suut

175 3206 199 3254 2.
220 3217 324 3255 mucore
341 3205 374 3266 D,
395 3219 462 3254 corr.
478 3205 496 3253 d
562 3205 587 3254 4.
606 3214 734 3252 meusium
753 3203 778 3252 Ι)
796 3209 855 3254 ante
873 3217 925 3252 ror.
948 3201 981 3263 V,
999 3215 1074 3249 men-

107 3274 203 3322 surod
273 3272 312 3322 14.
336 3286 442 3336 parares
461 3271 519 3319 DV
584 3271 624 3320 16.
643 3268 771 3320 onbexxx
788 3271 845 3320 DV
910 3282 985 3332 posce
1005 3265 1030 3328 (e
1050 3269 1074 3315 in

106 3338 173 3403 raa.)
191 3340 216 3387 D
287 3341 328 3389 16.
345 3355 401 3388 xxx
416 3364 443 3372 -
457 3351 539 3388 unum
554 3354 586 3388 ar
599 3354 654 3389 xxx
665 3363 699 3374 —
710 3353 766 3387 xxx
785 3353 817 3387 er
830 3336 896 3388 duos
915 3335 970 3383 DV
988 3333 1076 3398 (super

106 3408 216 3457 ultimum
237 3421 293 3456 xxx
316 3405 354 3456 V²
377 3408 438 3458 add.
460 3406 501 3471 ta)
571 3407 613 3457 22.
636 3405 845 3470 nnbeoarqeure
866 3405 891 3452 Ι)
960 3403 1001 3450 24.
1026 3415 1074 3450 nu·

108 3486 202 3524 meaos
221 3475 246 3522 J)
315 3476 357 3524 26.
381 3488 483 3540 urcium
501 3473 589 3524 rtuum
607 3475 646 3535 Ι),
670 3473 770 3538 uiginti
789 3476 817 3522 et
835 3471 917 3520 duum
934 3471 1006 3534 oartgo

107 3544 149 3594 27.
168 3555 311 3607 qururtoes
330 3544 355 3591 D
519 3543 521 3548 '
