2558 4062
212 237 254 302 32
447 252 495 300 nu
517 253 580 300 Dru
602 252 732 300 usuum
755 251 829 300 cur.
846 252 931 298 xvir.

984 341 987 347 .
1261 299 1262 344 t

213 391 377 452 diutissime
391 392 511 452 vixisset
526 391 573 452 die
589 391 692 452 mortis
707 409 777 452 suae
792 391 880 467 primi
900 389 1008 451 saeculi
1025 387 1182 452 modulum

212 475 313 544 finire,
333 493 426 553 coque
441 475 488 536 die
504 477 554 554 qui
569 482 668 536 essent
681 473 787 554 reliqui
800 477 832 534 iu
847 477 974 548 civitate,
998 475 1034 534 de
1049 474 1095 534 his
1110 492 1183 536 rur·

172 593 176 599 ·
213 577 278 620 sum
294 561 357 621 cius
372 565 508 630 mortem,
526 561 575 638 qui
591 559 791 638 longissimam
808 561 917 636 egisset
932 566 1071 629 aetatem,
1088 559 1183 620 linem

214 662 278 704 csse
305 643 412 706 saeculi
439 645 571 704 secundi.
617 645 660 704 sic
686 644 826 722 deinceps
852 651 968 724 tempus
994 642 1182 723 reliquorum

213 730 376 789 terminari.
400 728 452 789 sed
469 747 502 790 ea
514 728 592 807 quod
608 730 780 806 ignorarent
792 729 936 797 homines,
953 735 1089 806 portenta
1102 729 1182 788 mitti
1201 739 1216 788 5
1261 727 1262 768 l

213 813 367 882 divinitus,
396 812 503 892 quibus
519 813 748 874 admonerentur
763 831 855 873 unum
873 813 1011 892 quodque
1027 811 1180 873 saeculum

180 907 280 959 cesse
302 898 426 957 finitum.
470 897 544 958 haec
571 906 710 976 portenta
731 898 848 958 Etrusci
869 915 923 973 pro
946 896 1105 974 haruspicii
1135 897 1180 956 di·
1261 913 1262 918 ¹

213 981 413 1060 scipliuaeque
439 999 509 1042 suae
536 983 639 1059 peritia
666 981 821 1059 diligenter
848 980 1001 1043 observata
1029 982 1059 1040 in
1085 979 1181 1042 libros

212 1064 400 1126 rettulerunt.
433 1083 525 1142 quare
540 1066 571 1126 in
587 1066 692 1127 Tuscis
706 1066 845 1134 historiis,
863 1084 938 1143 quae
954 1074 1056 1126 octavo
1073 1084 1180 1126 eorum

213 1149 330 1210 saeculo
346 1150 474 1228 scriptae
490 1157 573 1220 sunt,
597 1158 630 1210 ut
645 1151 737 1211 Varro
753 1158 891 1219 testatur,
915 1157 944 1210 et
959 1157 1032 1229 quot
1051 1167 1179 1210 numero
1200 1161 1231 1209 10

213 1232 329 1294 saecula
351 1234 377 1292 ei
393 1235 474 1311 genti
489 1234 555 1294 data
576 1235 634 1294 sint
656 1243 685 1295 et
701 1241 916 1298 transactorum
938 1232 1053 1313 singula
1069 1241 1179 1311 quanta

212 1318 322 1379 luerint
342 1318 485 1397 quibusve
501 1320 622 1380 ostentis
638 1336 740 1380 corum
758 1321 853 1380 exitus
869 1319 1012 1396 designati
1027 1319 1086 1378 siut
1106 1337 1179 1380 cou-

211 1403 331 1462 tinetur.
368 1403 466 1481 itaque
486 1405 630 1481 scriptum
652 1412 697 1465 est
717 1412 855 1484 quattuor
877 1404 971 1480 prima
993 1402 1109 1464 saecula
1126 1421 1178 1464 an·

212 1504 319 1547 norum
341 1487 431 1548 luisse
453 1495 625 1558 centenum,
655 1489 790 1567 quintum
812 1497 931 1550 centum
952 1487 1053 1566 viginti
1074 1489 1177 1557 trium,

213 1577 327 1632 sextum
349 1571 531 1648 undeviginti
546 1583 575 1634 ct
590 1579 723 1642 centum,
755 1573 912 1651 septimum
928 1572 1064 1644 totidem,
1095 1581 1178 1634 octa·
1197 1582 1227 1630 15

213 1673 281 1715 vum
296 1662 358 1715 tum
375 1654 492 1717 demum
509 1658 571 1735 agi,
588 1673 698 1716 nonum
716 1664 744 1718 et
759 1657 906 1718 decimum
922 1673 1096 1735 superesse,
1113 1659 1178 1736 qui·
1261 1661 1262 1718 l

212 1738 269 1800 bus
284 1741 441 1800 transactis
456 1741 544 1801 finem
561 1741 626 1801 lore
641 1741 767 1802 nominis
783 1741 910 1802 Etrusci.

178 1831 194 1878 r
275 1823 477 1884 Romanorum
499 1831 596 1886 autem
612 1824 728 1886 saecula
745 1827 862 1903 quidam
877 1825 956 1886 ludis
977 1823 1178 1887 saecularibus
1261 1843 1262 1880 3

211 1914 315 1985 putant
343 1908 497 1986 distingui:
528 1910 577 1969 cui
596 1910 640 1970 rei
661 1909 733 1970 tides
759 1911 783 1969 si
804 1918 883 1972 certa
903 1915 962 1980 est,
992 1909 1101 1970 modus
1118 1909 1177 1970 llo·

211 1991 290 2052 mani
317 1991 426 2052 saeculi
457 1999 501 2054 est
525 1994 664 2055 incertus.
709 2003 878 2074 temporum
906 1996 983 2056 euim
1012 1993 1175 2064 intervalla,
1193 2005 1224 2052 20
1261 1975 1262 2032 l

211 2076 319 2155 quibus
337 2074 398 2136 ludi
414 2078 461 2138 isti
476 2077 603 2140 debeant
618 2078 740 2146 referri,
762 2097 822 2138 non
839 2079 928 2140 modo
944 2086 1052 2156 quanta
1067 2079 1178 2140 luerint

211 2167 291 2221 retro
312 2162 479 2239 ignoratur,
503 2163 608 2242 sedne
632 2171 739 2242 quanta
756 2164 873 2243 quidem
895 2182 960 2225 csse
976 2161 1105 2224 debeant
1120 2165 1175 2224 sci·
1261 2195 1262 2198 ¹

177 2253 194 2302 8
211 2251 268 2306 tur.
305 2263 371 2306 nam
388 2247 427 2306 ita
448 2249 612 2308 institutum
636 2265 714 2318 esse,
737 2257 769 2308 ut
785 2249 946 2310 centesimo
963 2265 1083 2326 quoquc
1099 2265 1174 2308 anno

210 2330 329 2399 tierent,
346 2329 373 2388 id
391 2347 457 2390 cum
472 2331 573 2392 Antias
588 2331 696 2410 aliique
713 2332 845 2392 historici
861 2339 998 2394 auctores
1013 2339 1097 2404 sunt,
1113 2339 1175 2394 tum

210 2413 304 2472 Varro
333 2413 369 2472 de
391 2416 532 2474 scaenicis
559 2415 723 2493 originibus
749 2415 825 2477 libro
849 2419 946 2495 primo
968 2417 1006 2478 ita
1032 2419 1173 2495 scriptum
1191 2426 1221 2474 25

210 2496 344 2573 reliquit:
374 2514 450 2557 cum
474 2497 586 2558 multa
609 2507 783 2578 portenta
807 2501 962 2572 fierent,
993 2507 1028 2561 et
1051 2518 1174 2562 murus

211 2598 250 2642 ac
277 2582 412 2650 turris,
447 2600 543 2662 quae
570 2590 654 2644 suut
686 2585 785 2646 inter
813 2594 957 2664 portam
989 2583 1171 2648 Collinam

211 2673 246 2726 et
268 2665 515 2745 Esquilinam,
546 2667 588 2729 de
611 2667 713 2731 caclo
737 2677 838 2731 tacta
866 2677 1003 2740 essent,
1033 2678 1068 2730 et
1090 2669 1172 2732 ideo

210 2861 412 2872 ---...-.-

278 2988 302 3035 7.
323 2988 455 3052 aruspicii
477 2989 505 3036 V
552 2988 721 3054 orscrputrae
734 2991 844 3052 quael)
912 2992 936 3041 9.
956 3003 1172 3040 pernoscemus

208 3053 242 3114 D,
262 3052 417 3104 retulerunt
432 3055 458 3103 V
525 3058 565 3108 10.
584 3058 748 3110 utdr'nras.
801 3071 834 3107 er
848 3056 954 3120 quobD
1024 3060 1065 3108 11.
1083 3062 1171 3107 trans·

210 3123 334 3170 acturum
361 3121 397 3180 V,
420 3137 488 3174 corr.
506 3126 574 3173 m.2
644 3125 892 3175 terminaturus
909 3126 948 3186 I),
974 3126 1132 3176 continetur
1147 3126 1170 3182 d,
1261 3127 1262 3138 ³

208 3189 267 3237 item
283 3179 315 3246 V,
333 3189 359 3238 io
372 3204 422 3254 quo
433 3189 523 3238 ntiuet
536 3193 551 3238 1
562 3206 594 3241 m.
608 3192 634 3241 in
645 3207 698 3246 ras.
770 3194 809 3242 14.
823 3194 950 3243 conserui
960 3193 1013 3256 fuit
1024 3195 1051 3244 in
1062 3194 1095 3255 D,
1109 3207 1171 3242 nune

205 3261 267 3320 post
290 3267 361 3305 cent·
384 3261 424 3308 est
440 3272 535 3308 rasura
552 3259 627 3312 triton
644 3260 786 3309 litterarum
810 3266 836 3309 et
852 3275 897 3309 um
919 3275 1065 3325 cupersan,
1096 3261 1169 3310 tertio

208 3329 291 3372 autem
314 3326 368 3374 loco
387 3331 518 3387 comparet
539 3327 614 3375 etiam
631 3342 696 3376 nunc
714 3328 803 3378 ductus
824 3333 986 3378 transversus
1004 3331 1047 3395 qui
1063 3327 1116 3391 fuit
1131 3341 1170 3378 au·

205 3404 257 3452 per
274 3405 306 3450 ης
331 3392 414 3442 centri
436 3391 462 3440 V
529 3393 653 3458 quinrum
673 3391 713 3456 (in
730 3396 757 3443 in
775 3393 838 3457 ras.)
858 3397 882 3444 D
952 3396 993 3446 to.
1012 3394 1169 3446 unumdari-

209 3454 279 3520 giuti
297 3457 347 3507 dV
410 3460 452 3510 22.
473 3457 575 3510 debeat
596 3460 624 3508 V
626 3458 648 3523 ¹,
667 3475 736 3513 corr.
754 3476 785 3509 m.
803 3464 819 3510 2
888 3463 930 3514 25.
950 3462 1071 3512 scenicis
1094 3462 1119 3511 V

206 3522 250 3571 26.
266 3537 357 3575 muros
379 3525 404 3575 V
471 3527 511 3577 28.
528 3531 619 3578 tracta
641 3527 669 3576 V
