2588 4066
187 213 230 279 60
430 227 637 276 rnnounurr
660 226 737 278 cnr.
752 227 798 276 1v.
815 228 847 276 v.
866 227 910 276 vr.

251 367 374 429 idulium
394 373 495 429 tumen
515 367 622 437 reiert,
655 368 738 430 cuius
758 384 894 447 qneoque
914 364 1016 428 stellae
1037 366 1155 440 domus,

136 464 168 513 10
187 449 301 513 sienae
315 470 351 513 nn
367 454 460 532 ipsius
476 453 522 514 sit.
552 451 658 514 domus
673 451 744 514 soiis
756 451 820 522 loo,
836 450 925 512 lunoe
939 467 1060 522 concor,
1076 451 1156 512 dier·

187 537 252 597 curi
276 538 359 615 virgo
386 544 414 598 et
439 537 563 615 gemini,
598 537 721 598 Veneris
747 534 822 596 libre
846 543 879 598 et
902 542 1021 605 tnurus,
1054 536 1158 598 Mortis

187 623 305 700 scorpio
330 628 359 681 et
379 623 471 692 eries,
500 621 578 682 iovis
598 623 767 700 sagittarius
789 621 936 698 cipionis,
966 621 1087 682 Saturni
1108 638 1156 684 oe·

187 705 344 784 prioornus
368 714 398 766 et
418 706 565 785 aquarius.
609 706 763 766 nocturnis
783 704 947 783 originibus
966 704 1066 766 invent
1085 703 1156 768 lone
1176 713 1192 763 o

187 791 266 851 Mers
281 791 394 860 Venus,
411 789 479 868 plus
494 790 541 852 die
556 798 680 868 poscunt
693 787 739 852 soi
752 789 900 852 Smenos
914 789 1061 867 iuppimr,
1078 789 1156 852 ider-

188 877 287 936 ourius
301 875 381 937 verie
397 873 590 954 ecquomodo
606 875 756 936 consensit
770 881 820 935 eut
836 875 913 936 visus
929 882 982 934 est.

154 1073 172 1132 4
572 1075 623 1126 DE
642 1073 771 1126 TERRA.

252 1211 345 1272 i'erre
357 1210 454 1272 medie
469 1211 601 1272 omnium
616 1228 719 1272 rorum
735 1218 788 1280 cst,
804 1209 900 1272 iorme
916 1207 1048 1287 globosa.
1071 1211 1158 1288 aquo

189 1296 330 1372 cingitur,
351 1296 383 1356 in
397 1313 467 1356 ecre
481 1295 644 1374 prominet,
665 1295 775 1370 excipit
789 1293 913 1358 osclum.
959 1311 1055 1372 equae
1074 1294 1159 1357 omni
1177 1303 1210 1351 ιο

188 1377 234 1438 vei
260 1383 342 1442 ceris
366 1382 509 1459 temperie
536 1386 678 1459 quonium
705 1378 854 1448 adiicitur,
885 1380 925 1440 ite
952 1395 1159 1458 quaecumque

188 1465 314 1524 sustinet
328 1463 418 1524 aiiicit
433 1471 462 1525 et
477 1471 583 1524 movet.

154 1560 170 1609 2
252 1547 371 1608 Poterat
395 1547 485 1609 tinem
510 1546 587 1608 iiber
604 1545 711 1626 plenus
737 1546 875 1609 omnihus
893 1547 1071 1610 necessariis
1096 1547 1159 1613 iem

189 1631 282 1693 videri
303 1639 494 1694 consecutust
518 1631 571 1692 sed
587 1649 654 1694 cunr
670 1639 700 1694 ct
714 1631 817 1694 mundi
831 1631 1031 1700 dimensiones
1046 1637 1076 1694 ct
1089 1628 1158 1709 pior

127 1722 128 1725 ’
188 1716 265 1777 rime
286 1724 441 1794 praeterea
462 1717 494 1776 in
513 1715 657 1778 universis
671 1714 763 1778 renus
777 1716 853 1778 ratio
868 1716 1045 1792 geometrico
1061 1712 1157 1792 inpic-
1176 1723 1208 1771 15

190 1801 279 1869 verit,
296 1818 390 1878 penos
406 1799 442 1861 de
457 1800 591 1862 numeris
606 1802 812 1880 mensurisque
827 1799 968 1862 dicemurs.

157 1999 175 2058 5
450 2047 452 2050 ,
512 2001 563 2052 DE
584 1999 830 2054 unoun‘rmcn.

254 2135 441 2198 Geometrioe
462 2145 508 2197 est
528 2137 648 2198 scientia
670 2135 822 2214 digerendi
838 2136 948 2214 ligures
971 2132 1159 2214 [enumeres

191 2221 349 2284 emetiendi
370 2238 439 2284 cum
456 2223 517 2282 suis
531 2220 772 2284 resolutionibus.
807 2237 950 2285 numerus
970 2225 1017 2284 est
1031 2236 1158 2298 cougre-

190 2306 268 2382 gatio
285 2303 469 2382 singulorum
484 2305 565 2366 tinite
581 2323 700 2384 semper
713 2313 743 2368 et
756 2305 868 2370 infinito
882 2301 1013 2384 netnrs].
1176 2312 1209 2360 20

157 2502 177 2561 6
565 2505 615 2556 ΒΕ
634 2503 784 2560 FORMIS.

253 2639 329 2702 Note
355 2649 400 2702 est
419 2640 503 2705 ouius
529 2657 599 2718 pers
620 2639 701 2706 nulle
727 2649 786 2712 est,
816 2639 894 2704 liner
920 2639 1073 2719 longitudo
1093 2641 1159 2706 sinc
1269 2638 1273 2646 '

169 2789 174 2796 ,
191 2722 359 2797 latitudine,
387 2723 482 2787 lineae
502 2725 575 2786 finos
594 2732 692 2786 notee.
737 2733 818 2787 recta
842 2724 919 2786 linea
946 2731 991 2788 ost
1010 2742 1087 2804 queo
1108 2743 1158 2787 su

260 2895 283 2941 l.
307 2905 411 2942 srenne
431 2893 497 2954 DV,
525 2892 608 2944 stella
629 2895 701 2958 culpo
769 2894 794 2943 2.
818 2892 913 2943 aliene
939 2894 966 2943 V
1032 2904 1159 2943 mercum

190 2959 215 3007 D
229 2956 276 3015 V¹,
294 2941 424 3010 mercurii
444 2960 471 3008 V
484 2977 515 3013 m.
534 2977 586 3015 rec.
655 2959 935 3023 commmunia
1001 2961 1094 3026 pisces
1117 2960 1144 3010 V

191 3026 215 3074 6.
237 3025 340 3090 iupiter
365 3027 392 3078 V
458 3028 483 3078 7.
506 3041 605 3080 uentae
628 3029 653 3078 D
722 3029 763 3081 10.
785 3029 815 3078 in
837 3043 903 3080 cere
926 3028 951 3078 V
1019 3030 1058 3082 11.
1083 3027 1159 3080 coris

190 3093 250 3144 add
269 3091 367 3145 lanum
433 3096 587 3160 temperies
608 3097 634 3146 V
637 3093 654 3154 ¹,
673 3110 741 3148 corr.
759 3097 817 3146 m.2
885 3109 958 3160 treq.
977 3106 1064 3158 oumq.
1082 3095 1108 3144 D

192 3163 232 3212 14.
249 3157 340 3212 uideni
357 3157 379 3222 (i
395 3161 422 3210 in
432 3161 498 3225 rao.)
515 3163 541 3215 Ι)
611 3163 651 3211 16.
670 3162 786 3214 dicimus
809 3162 834 3212 V
902 3163 942 3216 17.
960 3173 1159 3229 peomernmoc

190 3230 229 3292 D,
252 3228 407 3294 geometris
429 3228 455 3286 V,
522 3230 564 3280 18.
587 3228 725 3294 dirigendi
742 3234 815 3295 culpo
884 3233 913 3282 et
930 3243 1058 3282 numeros
1074 3232 1158 3295 odae,

192 3295 459 3352 arithmeticorum.
482 3298 546 3348 coni.
565 3296 664 3349 Iatour
732 3299 773 3348 19.
793 3297 836 3348 sni
858 3299 885 3347 V
950 3299 992 3351 20.
1013 3300 1041 3351 et
1057 3311 1105 3348 om.
1123 3297 1157 3356 D,

191 3365 283 3416 addd
343 3367 445 3418 nature
464 3361 498 3416 de
516 3363 613 3418 formis
630 3367 697 3413 nete
714 3367 832 3418 cenueuo
843 3379 918 3419 oereu
934 3365 960 3414 V
1026 3365 1067 3416 22.
1085 3377 1160 3418 ncnc

191 3430 218 3492 (o
230 3433 257 3484 in
268 3431 333 3497 rm.)
348 3433 384 3491 D,
397 3436 468 3482 nstro·
481 3431 508 3482 V
573 3432 614 3484 23.
628 3443 729 3487 niueos
742 3447 776 3484 ao
789 3445 861 3486 riuis
873 3432 936 3495 DV,
949 3447 1019 3486 com
1033 3431 1161 3484 cauetur

191 3503 217 3547 et
234 3497 331 3548 Iadnus
397 3503 475 3566 recte
496 3500 522 3549 V
