2558 4062
203 201 245 268 26
447 216 495 264 nu
518 216 579 262 nm
601 215 732 264 ueram
755 215 829 264 cre.
847 216 917 264 xm.

203 354 271 417 bem
287 373 445 434 apparere,
461 356 492 415 in
507 356 593 416 tertia
608 354 735 416 barbam
748 354 846 426 nasci,
862 354 892 414 in
908 362 1012 433 quarta
1029 355 1123 424 vires,
1141 355 1175 415 in
1254 361 1255 368 ’

204 441 305 518 quinta
331 440 528 502 maturitatem
556 439 591 501 ad
610 439 741 517 stirpem
761 438 1000 518 relinquendam,
1030 440 1062 499 in
1088 445 1175 500 sexta

204 523 413 604 cupiditatibus
432 525 608 603 temperari,
630 524 659 582 in
676 525 800 602 septima
816 523 1001 603 prudentiam
1022 521 1172 600 linguam·
1229 553 1232 562 ·

204 626 262 687 que
283 611 496 678 consummari,
528 610 558 668 in
580 615 680 668 octava
703 608 806 668 eadem
827 625 949 669 manere
980 608 1018 688 (in
1041 626 1100 687 qua
1121 607 1172 668 alii

204 693 342 754 dixerunt
363 691 464 755 oculos
487 691 669 770 albescere),
701 693 733 752 in
753 711 832 753 nona
853 694 951 753 omnia
967 692 1032 753 lieri
1054 692 1205 770 langui-5
1254 721 1255 732 2

204 777 294 848 diora,
310 779 339 838 in
357 778 470 839 decima
484 777 635 838 hominem
652 779 740 838 morti
755 777 820 838 lieri
834 783 992 838 maturum.
1024 785 1171 837 *ttamen
1254 811 1255 824 κ

203 863 233 922 in
249 863 378 923 secunda
394 860 579 922 hebdomade
594 860 639 922 vel
654 862 813 940 incipiente
828 863 913 921 tertia
925 879 1027 921 vocem
1044 863 1171 921 crassio-
1254 903 1255 932 p

203 964 268 1006 rem
289 954 318 1006 et
338 943 554 1023 inaequabilem
570 945 648 1014 lieri,
670 945 749 1024 quod
765 944 938 1006 Aristoteles
960 944 1088 1024 appellat
1109 952 1170 1005 tra·

203 1031 295 1106 gieio,
332 1031 443 1108 antiqui
473 1031 565 1089 nostri
591 1028 777 1110 inquitallire,
810 1037 840 1090 ct
863 1029 932 1091 inde
958 1031 1037 1108 ipsos
1064 1035 1172 1108 putant

204 1113 367 1193 irquitallos
384 1112 545 1192 appellari,
575 1114 653 1192 quod
672 1119 735 1176 tum
757 1131 865 1192 corpus
880 1115 974 1175 ircum
996 1113 1076 1174 olere
1097 1114 1219 1174 ioci-10

169 1210 185 1259 8
204 1199 273 1276 piat.
305 1198 340 1259 de
356 1200 442 1259 tertia
459 1205 557 1258 autem
572 1204 668 1260 aetate
682 1197 970 1260 adulescentulorum
988 1205 1048 1258 tres
1059 1197 1171 1276 gradus

204 1301 268 1344 csse
291 1283 384 1343 lacios
404 1283 434 1342 in
457 1283 579 1345 Graecia
601 1283 682 1360 prius
702 1301 791 1363 quam
814 1283 850 1343 ad
871 1283 950 1343 viros
972 1283 1169 1360 perveniatur,

204 1368 281 1445 quod
302 1375 410 1428 vocent
431 1385 575 1428 annorum
598 1368 812 1435 muricide,
841 1366 1045 1445 μελλέφηβον
1069 1373 1170 1427 autem

203 1465 266 1521 xv,
289 1452 357 1511 dein
374 1451 502 1512 sedecim
517 1449 658 1530 ἔφηβον,
680 1460 750 1512 tuno
766 1451 976 1530 septemdecim
998 1448 1168 1529 ἐξέφηβον.

170 1547 185 1596 e
203 1542 356 1614 praeterea
372 1534 463 1596 multa
479 1544 549 1596 sunt
564 1535 601 1596 de
613 1535 659 1595 his
674 1535 910 1597 hebdomadibus
925 1553 1000 1615 quae
1011 1535 1120 1595 medici
1135 1553 1170 1596 ac
1188 1546 1216 1595 15

203 1617 371 1699 philosophi
386 1618 468 1681 libris
483 1619 705 1689 mandaverunt,
722 1619 801 1681 unde
817 1627 947 1699 apparet
964 1627 997 1680 ut
1011 1621 1041 1678 in
1057 1617 1170 1680 morbis
1254 1649 1255 1710 q

204 1705 265 1764 dies
286 1705 403 1784 septimi
423 1707 553 1781 suspecti
572 1710 642 1765 sunt
667 1711 696 1764 et
715 1705 853 1766 crisimoc
873 1704 1028 1774 dicuntur,
1054 1704 1093 1764 ita
1114 1721 1169 1782 per
1254 1711 1255 1774 i

204 1805 321 1849 omnem
342 1789 429 1849 vitam
446 1789 603 1866 septimum
625 1806 773 1867 quemque
793 1806 902 1849 anuum
919 1789 1120 1866 periculosum
1142 1794 1170 1847 et

154 1884 186 1933 10
204 1871 282 1933 velut
298 1873 438 1932 crisimon
461 1889 526 1933 esse
547 1879 576 1932 et
592 1871 823 1933 climactericum
840 1873 968 1933 vocitari.
1004 1872 1055 1934 sed
1072 1891 1109 1933 ex
1122 1871 1168 1931 his
1254 1931 1255 1936 ,

204 1954 378 2034 genethliaci
400 1955 472 2016 alios
495 1955 558 2018 aliis
579 1955 762 2018 difficiliores
784 1975 849 2018 esse
871 1957 1021 2027 dixerunt,
1050 1962 1080 2016 et
1094 1973 1166 2016 non·
1184 1967 1213 2014 20

203 2039 277 2101 nulli
298 2057 349 2102 eos
364 2041 547 2118 potissimum
568 2058 643 2118 quos
662 2049 765 2102 ternae
786 2040 988 2102 hebdomades
1009 2040 1169 2102 conficiunt

203 2131 308 2202 putant
334 2125 550 2195 observandos,
582 2126 640 2186 hoc
666 2132 822 2186 estonum
851 2132 881 2184 et
901 2125 1109 2194 vicensimum,
1141 2130 1167 2184 et

204 2211 482 2288 quadragensimum
506 2209 686 2280 secundnm,
718 2210 786 2270 dein
810 2210 929 2270 tertium
949 2216 980 2269 et
999 2209 1167 2286 sexagensi-

203 2311 299 2363 mum,
315 2301 499 2371 postremum
516 2295 749 2370 octogensimum
765 2302 794 2355 et
809 2302 961 2372 quartum,
981 2294 1012 2353 in
1029 2311 1088 2372 quo
1104 2293 1168 2354 Sta·

154 2388 184 2435 11
204 2395 269 2438 aeas
289 2379 449 2437 terminum
471 2379 546 2438 vitae
568 2377 675 2438 defixit.
711 2376 759 2437 alii
781 2385 877 2438 autem
894 2395 954 2438 non
969 2378 1055 2456 pauci
1077 2395 1167 2438 unum
1183 2385 1213 2434 25

203 2463 336 2521 omnium
358 2459 562 2522 difficillimum
584 2459 751 2522 climactera
767 2461 975 2542 prodiderunt,
998 2480 1075 2524 anno
1091 2461 1167 2522 soili-

272 2681 295 2732 l.
320 2692 444 2730 renrtatn
467 2681 492 2730 D
560 2694 643 2730 nones
667 2681 704 2741 D,
728 2680 801 2729 uires
820 2680 880 2730 dV
943 2683 968 2733 8.
992 2681 1123 2746 temptari
1144 2680 1169 2728 V

202 2749 228 2798 4.
256 2762 362 2798 ocreae
385 2750 410 2798 I)
478 2749 508 2796 in
530 2762 586 2811 qua
609 2774 638 2784 -
662 2747 840 2812 languidiora
866 2764 913 2801 om.
940 2748 965 2797 V
1034 2750 1057 2799 7.
1088 2747 1166 2798 esbo-

204 2814 279 2866 mabe
298 2816 359 2865 DV
424 2817 450 2867 8.
470 2829 643 2878 anrsrprems
662 2816 687 2864 D
741 2811 881 2879 τραγίζειν
898 2818 970 2878 culpo
1040 2817 1065 2868 9.
1084 2828 1165 2879 trqm·

203 2896 319 2932 rannone
339 2881 394 2944 (τά
404 2886 430 2932 in
441 2882 506 2944 ror.)
525 2885 550 2934 Ι)
619 2885 659 2934 10.
677 2896 873 2946 *requirentes
886 2884 919 2946 D,
938 2881 1096 2948 irquitallos
1115 2881 1169 2932 dV

203 2963 290 2998 eneae
307 2950 333 2997 Ι)
402 2952 443 3000 13.
461 2948 537 3000 παδα
553 2953 586 3011 1),
605 2949 678 3000 nobb
700 2950 733 3013 V,
752 2947 838 3000 παιδα
855 2965 923 3000 corr.
939 2966 993 3000 ree.
1012 2967 1043 3006 m.
1063 2953 1089 2999 in
1111 2949 1137 2998 V

203 3014 431 3080 mennephoebou
456 3017 511 3067 DV
583 3020 623 3070 14.
652 3017 812 3082 aephoeson
835 3018 872 3079 I),
906 3016 1049 3081 ephoebon
1078 3017 1106 3067 V

202 3081 351 3145 eeeqooon
369 3083 402 3140 Ι),
421 3082 552 3146 εξεφιΒοη
569 3085 597 3134 V
662 3088 701 3135 15.
721 3082 911 3135 sabomaburus
930 3086 987 3134 DV
1052 3087 1093 3134 17.
1112 3098 1167 3134 oer-

203 3152 334 3211 simiel),
355 3149 493 3200 erisimiae
516 3150 544 3200 V
614 3153 655 3202 19.
676 3147 909 3218 climactericum]
935 3154 995 3203 odd.
1019 3153 1047 3203 V
1059 3169 1090 3201 m.
1110 3155 1125 3203 1
1141 3153 1166 3200 ia
1254 3161 1255 3168 ¹

202 3233 282 3334 qqqq.
302 3216 431 3336 obnnrpci,
454 3234 485 3267 m.
504 3221 521 3268 2
538 3234 616 3335 εὗρεν
637 3235 736 3336 qqraum
758 3220 882 3350 inceptird
903 3288 909 3300 .
937 3221 978 3271 20.
998 3233 1078 3351 pubes
1095 3233 1165 3270 ontis

324 3299 526 3336 tarcrnntones
672 3302 802 3337 ,ταυτα
833 3301 845 3336 s
899 3303 996 3338 rurae.
1122 3302 1165 3336 en·

192 3338 329 3403 ¹domabas
348 3352 405 3402 DV
474 3355 515 3403 22.
535 3368 568 3403 oc
590 3353 616 3403 V
665 3353 826 3406 uicesimum
848 3354 876 3402 V
940 3357 983 3405 23.
1001 3354 1166 3420 quodnequi·

204 3431 298 3470 srmum
317 3421 356 3485 D,
377 3420 620 3485 quadragesimum
641 3421 668 3471 V
734 3433 939 3487 sexaqresrmum
959 3423 996 3485 Ι),
1025 3422 1166 3487 sexagesi-

202 3499 275 3535 mum
296 3486 323 3535 V
389 3487 601 3540 24.nxxxDV
666 3503 734 3553 quoa
752 3490 777 3537 I)
