2558 4062
204 215 244 279 10
461 227 508 274 on
531 227 593 275 orn
615 226 747 276 uenum
768 225 843 276 cur.
860 225 907 272 vr.
946 225 948 230 ·

204 386 270 430 rum
287 374 316 431 et
330 367 416 447 adipe
431 365 583 446 multaque
595 383 684 428 carne
697 383 793 427 mares
810 364 959 426 exhauriri
974 363 1173 442 respondent.

170 453 278 521 4illud
303 470 421 532 quoque
442 450 608 529 ambiguam
631 450 700 512 lacit
725 451 804 510 iuter
824 455 960 512 auctores
985 449 1173 527 opinionem,

141 585 144 590 .
204 546 344 600 utrumne
366 556 402 598 cx
423 537 514 616 patris
534 534 740 598 tautummodo
761 534 874 596 semine
895 539 997 612 partus
1019 540 1172 602 nascatur,

204 630 238 684 ut
251 622 397 700 Diogenes
419 628 448 682 et
462 621 580 700 Hippon
595 620 738 698 stoicique
753 619 953 697 scripserunt,
975 635 1013 678 au
1029 619 1117 678 etiam
1135 635 1173 678 ex

203 707 321 776 matris,
345 705 423 784 quod
443 706 634 782 Anaxagorae
656 710 686 766 et
698 703 869 765 Alcmaeoni
888 719 945 764 nec
966 719 1025 762 non
1046 701 1171 764 Parme·
1195 711 1214 762 5

204 792 267 852 nidi
280 789 512 869 Empedoclique
527 799 556 849 nt
571 788 700 868 Epicuro
716 788 810 848 visum
826 794 879 847 est.

170 893 185 942 o
267 875 309 937 ue
330 875 564 936 conformatione
584 879 682 935 autem
696 879 799 951 partus
820 870 911 932 nihilo
933 873 1030 932 minus
1051 870 1172 932 definite

206 978 237 1022 se
262 959 338 1020 scire
359 958 517 1020 Alcmaeon
543 956 697 1020 consessus
718 962 776 1027 est,
807 965 890 1018 ratus
910 956 1060 1018 nerninem
1081 973 1171 1035 posse

170 1057 190 1116 6
209 1045 378 1122 perspicere
399 1044 468 1122 quid
490 1043 619 1121 primum
640 1047 670 1103 iu
690 1043 802 1103 infante
828 1040 982 1102 formetur.
1021 1039 1171 1118 Empedo-

205 1127 278 1198 cles,
296 1146 384 1208 quem
400 1129 429 1188 in
446 1127 503 1189 hoc
518 1124 688 1188 Aristoteles
703 1132 823 1188 secutus
839 1132 897 1194 est,
919 1131 987 1186 aute
1002 1126 1101 1184 omnia
1118 1142 1171 1184 cor
1193 1132 1230 1183 10

205 1212 342 1273 iudicavit
361 1214 544 1281 increscere,
569 1211 650 1290 quod
668 1210 797 1272 hominis
817 1211 905 1270 vitam
925 1211 1053 1272 maxime
1074 1211 1170 1272 conti·

203 1303 287 1366 neam
316 1295 433 1376 Hippon
453 1313 524 1357 vero
546 1303 649 1373 caput,
677 1297 787 1374 inquo
810 1301 854 1354 est
876 1294 965 1354 animi
985 1292 1170 1372 principale;

202 1381 388 1443 Democritus
410 1379 504 1441 alvum
521 1397 589 1440 oum
604 1380 714 1457 capite,
736 1395 812 1457 quae
826 1376 987 1456 plurimum
1003 1377 1114 1440 habent
1133 1396 1174 1438 ex-

202 1465 297 1533 inani;
326 1467 515 1542 Anaxagoras
538 1463 710 1534 cerebrum,
737 1464 817 1524 uude
843 1480 946 1524 omues
966 1468 1035 1525 suut
1054 1479 1170 1526 sensus,

204 1549 349 1628 Diogenes
373 1548 572 1628 Apolloniates
602 1567 638 1609 ex
667 1564 773 1609 umore
799 1547 927 1625 primum
958 1564 1076 1608 carnem
1103 1547 1170 1608 lieri
1190 1555 1227 1604 15

204 1633 391 1704 existimavit,
413 1640 474 1695 tum
491 1652 527 1694 ex
543 1650 634 1694 carne
658 1649 723 1693 ossa
739 1649 905 1710 nervosque
927 1638 956 1692 et
971 1639 1084 1692 celeras
1098 1649 1168 1711 par·

169 1725 248 1778 eres
270 1720 379 1779 enasci.
424 1725 453 1779 at
473 1718 557 1778 stoici
579 1735 637 1778 una
658 1722 754 1777 totum
780 1716 923 1777 infantem
945 1716 1068 1794 figurari
1087 1715 1170 1782 dixee

203 1808 287 1872 runt,
319 1809 352 1863 ut
370 1818 428 1862 una
450 1803 580 1862 nascitur
603 1799 759 1880 aliturque.
803 1809 873 1861 sunt
887 1801 938 1880 qui
958 1799 987 1860 id
1008 1801 1169 1878 opinentur

203 1887 300 1963 ipsar
282 1885 346 1946 lieri
362 1893 481 1958 natura,
498 1893 532 1946 ut
546 1883 717 1946 Aristoteles
733 1883 829 1962 adque
844 1883 1010 1964 Epicurus;
1033 1893 1102 1946 suut
1118 1886 1169 1983 qui

203 1970 334 2048 potentia
355 1969 476 2047 spiritus
498 1987 599 2030 semen
621 1969 800 2039 comitantis,
828 1976 862 2030 ut
881 1969 965 2030 stoici
985 1969 1081 2030 forme
1101 1970 1167 2030 uui·
1185 1975 1222 2027 20

202 2055 296 2115 versi:
320 2060 389 2114 sunt
400 2055 451 2133 qui
465 2053 628 2116 aetherium
646 2053 798 2116 calorem
790 2071 887 2116 inesse
903 2051 1101 2123 arbitrentur,
1119 2054 1169 2132 qui

203 2137 337 2200 membra
352 2138 502 2216 disponat,
517 2143 711 2217 Anaxagoran
726 2139 829 2200 secuti.

169 2231 185 2279 3
266 2223 432 2302 Utcumque
459 2230 558 2285 tamen
578 2226 722 2285 formatus
746 2223 843 2284 iulans
863 2221 1146 2301 quemadmodum
1137 2240 1166 2284 m

203 2308 306 2368 matris
320 2314 406 2368 utero
422 2305 531 2376 alatur,
553 2307 661 2386 duplex
677 2308 776 2386 opinio
792 2313 845 2368 est.
880 2307 1072 2384 Anaxagorae
1089 2307 1166 2368 euim

204 2391 368 2468 ceterisque
389 2389 582 2467 conpluribus
598 2409 652 2469 per
672 2390 843 2451 umbilicum
865 2390 949 2452 cibus
970 2390 1167 2452 administrari
1185 2398 1220 2448 25

203 2473 327 2534 videtur.
358 2481 387 2534 at
402 2474 549 2552 Diogenes
570 2483 600 2536 et
614 2475 731 2553 Hippon
753 2475 955 2537 existimarunt
973 2492 1037 2536 esse
1056 2476 1087 2535 in
1103 2474 1166 2536 alvo

203 2558 375 2636 prominens
396 2558 551 2638 quiddam,
575 2559 653 2637 quod
675 2560 772 2621 infans
793 2577 845 2620 oro
865 2559 1068 2640 adprehendat
1088 2567 1165 2620 etex

305 2642 316 2672 θ

202 2695 395 2710 -.,..--.-

271 2764 294 2814 1.
320 2759 424 2827 abspem
447 2762 472 2812 D
539 2763 565 2814 4.
586 2761 708 2828 broqeurs
732 2763 756 2811 D
824 2762 936 2827 hrppou
960 2761 1091 2826 suhototq.
1114 2761 1169 2811 DV

202 2842 388 2880 scutnsexuur
407 2830 431 2878 D
500 2831 524 2882 5.
542 2830 652 2892 matrim
675 2830 703 2878 V
716 2835 775 2880 ante
793 2846 856 2891 rou,
875 2830 970 2879 matris
988 2845 1056 2880 corr.
1075 2833 1133 2880 Iro.
1270 2829 1271 2855 ¹

201 2897 226 2944 6.
246 2895 450 2960 eupebocmque
468 2897 522 2947 DV
573 2898 724 2962 epioonoI)
794 2900 818 2948 7.
837 2896 869 2947 be
884 2895 1167 2962 conmnrnurtoue(sio
1270 2857 1271 2928 b

199 2979 249 3026 pro
263 2964 544 3026 conformatione)-
562 2977 650 3015 miuus
662 2964 716 3014 DV
734 2965 826 3016 babent
844 2971 959 3016 entremo
978 2981 1035 3029 cop.
1049 2967 1066 3014 6
1083 2971 1109 3014 et
1117 2979 1165 3028 pro

201 3031 240 3080 his
257 3031 305 3080 hoc
322 3034 377 3081 loco
393 3037 491 3094 ponunt
509 3046 580 3094 qune
599 3031 737 3084 biancheto
756 3048 791 3083 ex
809 3035 984 3098 cop.17‚16,·
1001 3032 1166 3084 bernbach·

200 3112 305 3147 mannuc
327 3104 352 3148 et
375 3097 472 3146 lohoac
542 3101 583 3153 12.
607 3099 718 3164 hrppou
746 3101 774 3149 V
840 3103 880 3153 13.
905 3111 1057 3164 pnummum
1077 3101 1101 3149 D

203 3166 242 3214 14.
267 3165 324 3214 orius
346 3165 375 3213 V
394 3166 467 3228 (nota
484 3167 628 3230 eornpendr'i
643 3183 660 3217 a
677 3184 708 3216 m.
727 3167 755 3232 2)
826 3169 866 3220 16.
893 3180 1092 3233 apoummcres
1114 3167 1170 3216 DV
1270 3201 1271 3208 ι

201 3230 314 3282 humore
336 3231 362 3280 V
430 3233 470 3284 17,
489 3233 591 3283 ethnici
612 3233 639 3282 V
705 3234 745 3288 18.
764 3239 860 3287 utum.
882 3235 907 3284 Il
976 3236 1017 3286 19.
1038 3238 1123 3298 utque
1144 3233 1170 3282 V
1270 3227 1271 3280 ἶ

202 3313 333 3364 epscopus
352 3300 376 3348 D
446 3301 486 3354 20.
506 3299 607 3350 sthoici
629 3300 660 3359 V,
678 3303 724 3351 ced
742 3300 760 3350 h
778 3303 828 3352 del.
847 3304 911 3352 1m.
980 3315 1093 3353 uxrueru
1115 3301 1167 3352 DV

201 3368 243 3418 21
260 3365 423 3418 oerhemum
443 3364 475 3428 (a
494 3368 554 3416 din
571 3365 642 3431 rar.)
662 3369 698 3427 J),
725 3368 858 3418 etherium
881 3370 909 3419 V
975 3383 1164 3420 anurnnexuuu
1270 3417 1271 3424 ,

200 3433 225 3483 1)
244 3441 302 3486 ante
320 3451 387 3492 ras„
406 3441 434 3483 ut
449 3435 561 3499 velletor,
581 3435 750 3486 arbitrentur
768 3436 821 3486 dV
886 3439 928 3490 26.
946 3436 1059 3502 hyppon
1077 3437 1105 3486 V

200 3502 241 3551 27.
261 3499 476 3566 abpaceheubnn
493 3502 517 3550 I)
587 3505 679 3553 elom.
697 3501 753 3552 DV
