2588 4066
427 261 634 312 retensum
657 261 732 312 oar.
750 261 801 310 ιιι.
1055 245 1098 310 59

128 404 222 484 ipsius
242 401 361 480 iulgme
382 389 515 464 considit.
560 402 669 464 diversi
689 419 761 481 ergo
783 399 907 463 maliet
928 401 1096 480 vagantium

129 487 282 550 stellarum
299 503 449 548 concursu
463 486 542 568 quod
559 485 771 569 [temperetur]
787 487 938 566 utrimque
953 485 1097 548 deteritur

131 580 161 635 et
174 573 253 634 inira
268 571 344 642 duit,
359 571 389 632 id
406 573 514 648 exeipit
527 570 597 633 luna
614 581 643 632 et
657 571 711 632 soii
726 571 823 640 tradit,
841 587 899 650 quo
915 580 945 632 et
962 568 1097 632 animalia

28 705 32 714 .
129 658 286 736 vigescunt
306 664 335 717 et
356 657 465 718 humus
485 655 615 736 quodam
629 656 719 718 modo
739 657 887 718 animatur
907 653 1027 734 genitali
1049 672 1097 715 oa·

93 740 194 803 tiore
226 749 259 802 ut
271 743 312 803 ita
328 741 454 802 dixerim
467 739 557 821 vivo}

192 825 215 886 P
229 827 356 888 orimum
371 825 403 886 in
419 825 583 904 originibus
598 823 696 888 valent
710 843 785 905 quae
799 827 830 887 in
846 831 914 886 ortu
929 831 1011 896 sunt,
1033 823 1097 885 lan·

129 918 222 986 guent
241 912 273 970 in
295 927 412 971 oooasu.
457 917 554 970 ortum
575 910 648 971 iaoit
667 909 751 972 steila
772 928 860 991 quam
881 907 926 972 sol
946 911 1130 989 praeteriet

130 993 237 1055 deinde
261 995 418 1056 stationem
446 996 635 1064 matutinam,
670 1013 738 1056 oum
765 1014 781 1056 a
807 995 910 1074 quinto
935 993 1001 1055 loeo
1028 992 1098 1055 solis

129 1080 218 1140 stetit.
254 1080 285 1138 in
308 1078 413 1140 eodem
429 1087 527 1140 manet
542 1080 642 1158 siguo,
665 1079 761 1140 donae
781 1078 817 1140 ab
834 1077 939 1141 eodem
954 1079 1017 1140 sole
1032 1096 1097 1140 mo·

78 1175 112 1224 10
129 1169 240 1224 ventur.
271 1180 347 1241 quae
361 1164 511 1224 oonuaria
527 1170 571 1223 est
585 1161 648 1232 soli,
666 1180 753 1224 mane
770 1163 886 1234 occidit,
903 1164 997 1224 oritur
1010 1162 1097 1225 simui

129 1253 216 1308 noete
232 1253 262 1309 et
276 1253 397 1308 vocatur
412 1248 610 1328 acronyohos
635 1246 742 1308 deinde
762 1265 867 1309 rursus
887 1246 980 1308 attero
1002 1246 1097 1309 latere

129 1332 265 1411 aquinto
286 1332 372 1410 signo
387 1331 573 1410 deprehensa
593 1330 855 1410 postmeridianam
876 1331 1033 1392 uodonem
1053 1333 1096 1392 ia·

130 1417 186 1486 eit,
212 1415 308 1476 doneo
322 1417 457 1496 ingresso
472 1415 534 1477 sole
556 1416 635 1477 idem
651 1418 768 1496 signum
784 1415 839 1478 sub
854 1415 945 1478 radiis
966 1417 1029 1478 eius
1044 1415 1096 1476 de·

128 1498 244 1562 iiteseat
258 1508 287 1562 et
301 1500 331 1560 iu
346 1507 441 1562 totum
456 1501 579 1562 occidat.

77 1596 110 1646 rt
191 1583 344 1664 dspioiunt
364 1585 441 1646 inter
462 1603 494 1646 se
516 1584 617 1647 stelias
639 1603 675 1645 ex
696 1585 798 1664 quinto
819 1587 918 1664 signo,
951 1584 1031 1662 quod
1053 1585 1095 1645 di·
1114 1598 1130 1648 8

129 1669 206 1730 citur
221 1670 388 1747 trigonum,
405 1676 435 1731 et
447 1669 560 1732 habent
579 1671 736 1731 maximam
753 1671 990 1731 consensionem.
1026 1671 1096 1731 item

129 1771 146 1813 a
165 1760 285 1833 quarto,
316 1754 395 1832 quod
416 1753 525 1816 dieitur
539 1762 728 1834 tetragonum
750 1753 795 1835 [et
810 1762 933 1818 centron
949 1751 1095 1833 voeatur],

129 1845 160 1897 at
183 1838 215 1899 in
241 1837 416 1900 alterutrum
437 1840 599 1900 marimum
620 1846 751 1918 praestat
770 1839 917 1900 effaetum.
962 1840 1032 1900 item
1059 1857 1096 1899 ex

129 1924 294 1994 contrario,
319 1922 397 2000 quod
413 1930 460 1984 est
473 1925 631 2002 septimum
647 1925 763 2000 signum
786 1933 815 1985 et
830 1924 994 1984 diametron
1010 1941 1095 1984 voca·

76 2017 112 2068 20
129 2010 178 2066 tur
205 2014 309 2085 estque
330 2008 458 2068 maxime
484 2008 651 2069 adversum.
693 2017 792 2069 cetera
819 2007 960 2070 dissident
986 2006 1032 2068 vel
1051 2007 1094 2069 le·

130 2091 204 2152 viter
225 2092 386 2169 aspiciunt,
408 2100 441 2153 nt
460 2093 582 2154 tertium
602 2092 756 2172 qnodque,
780 2092 859 2170 quod
881 2091 989 2152 dieitur
1004 2091 1094 2154 hexa-

130 2191 240 2253 gonon.

192 2259 282 2338 Signa
304 2260 417 2340 tropioa
443 2259 731 2339 peregrinationibus
751 2267 893 2340 praesunt
919 2268 950 2322 et
974 2259 1129 2323 omninoe

129 2341 303 2414 mobilibus,
333 2351 362 2404 et
381 2345 412 2404 in
435 2345 564 2407 consiliis
584 2344 709 2406 subinde
730 2345 843 2406 variant
862 2345 959 2424 adque
975 2361 1094 2423 permu-

77 2438 111 2488 nt
129 2434 201 2488 tant.
235 2426 373 2489 biformia
394 2431 592 2507 geminatione
612 2447 713 2491 rerum
734 2431 866 2491 omnium
888 2430 1095 2509 repetitionem

129 2512 297 2589 significant
322 2519 351 2574 et
370 2514 487 2574 interim
514 2514 692 2576 dilationem.
736 2512 829 2576 solida
855 2514 1046 2575 vehementer
1067 2521 1096 2574 et

128 2595 271 2657 instanter
294 2595 424 2658 efficiunt
446 2605 475 2658 et
494 2598 530 2660 ad
553 2600 663 2661 exitum
684 2597 729 2659 vei
743 2616 888 2677 prospera
908 2597 954 2659 vel
974 2598 1096 2659 adversa

128 2679 310 2758 perducunt,
342 2682 417 2744 siout
439 2684 624 2760 aspiciuntur
648 2701 664 2743 a
684 2681 776 2744 stellis
797 2681 842 2743 vel
863 2680 1029 2743 faventibus
1049 2680 1095 2743 vel

129 2764 371 2844 repugnantibus.

197 3069 220 3123 1.
239 3065 349 3120 devorsi
369 3070 397 3118 V
444 3082 582 3136 uagssrta
600 3067 655 3120 DV
721 3072 745 3120 2.
765 3073 935 3136 temperetur
952 3072 1026 3121 eiecit
1046 3071 1095 3121 Ur-

128 3134 228 3186 liobsios
297 3138 321 3186 3.
346 3151 462 3202 exeeptr
485 3139 509 3186 J)
578 3137 603 3187 b.
627 3144 686 3187 aute
707 3142 738 3188 ut
755 3141 827 3204 origo
851 3142 879 3189 et
896 3139 958 3190 add.
1026 3138 1097 3188 vivit

128 3203 193 3252 oeni.
224 3203 363 3254 doroteae
431 3207 456 3256 9.
487 3217 578 3255 srsrr*
606 3205 644 3268 D,
675 3205 784 3256 steterit
813 3208 832 3257 d
841 3207 869 3256 V
934 3207 974 3256 10.
1005 3200 1094 3270 quaa]

129 3267 202 3332 qnod
222 3270 249 3318 V
315 3273 356 3322 11.
376 3283 526 3323 aonontoos
543 3285 695 3323 scsoruous
708 3274 741 3336 D,
762 3275 904 3324 neronioos
917 3272 1045 3323 aronions
1061 3271 1094 3332 V,

127 3349 198 3389 eorr.
216 3336 358 3390 Sarmatae
376 3355 465 3393 exero.
483 3341 550 3393 Ptin.
566 3356 594 3405 p.
608 3343 659 3392 507
676 3356 693 3390 a
704 3341 729 3391 F
796 3343 835 3393 13.
858 3339 1014 3390 bertresoot
1037 3334 1096 3401 (eat

129 3402 264 3468 diurne.)
283 3406 308 3454 D
377 3408 611 3462 1‘1.oentrouiV
678 3409 718 3460 19.
739 3420 852 3474 asprum
870 3409 903 3466 D,
922 3406 1029 3456 eorud

127 3471 171 3522 20.
194 3469 341 3523 bisseberm
358 3473 384 3524 D
452 3478 494 3526 21.
519 3487 664 3541 exagororr
682 3477 741 3526 DV
805 3476 847 3524 24.
872 3475 1023 3526 montuosus
1041 3473 1099 3524 nV

197 3543 281 3605 siqua
303 3540 332 3589 V
396 3542 438 3592 26.
456 3542 600 3594 brnertosa
617 3543 674 3592 DV
