2558 4062
191 249 234 314 30
428 263 475 312 un
498 265 560 312 εει
582 265 713 312 ulrum
737 263 811 312 err.
827 262 911 312 xvir.

192 403 298 475 flores,
328 422 414 482 quam
436 411 541 483 potero
561 403 748 464 lucidissimis
768 404 847 462 notis
866 401 1005 479 signabo:
1041 419 1078 462 ex
1100 421 1162 482 quo

158 489 281 549 aeliam
302 489 417 566 primus
437 488 487 549 ille
508 497 577 549 tuus
599 487 704 548 natalis
725 487 833 566 liquido
855 494 1002 548 noscetur.
1040 493 1163 565 tempus

193 580 290 634 autem
306 591 367 632 non
382 573 458 633 diem
476 571 678 634 tantummodo
694 572 738 632 vel
755 588 887 632 mensem
903 570 949 632 vel
964 587 1076 631 annum
1091 589 1161 632 ver·

192 665 303 719 tentem
325 656 457 736 appello,
480 657 531 718 sed
555 664 584 717 et
599 657 677 735 quod
699 657 817 734 quidam
833 655 959 716 lustrum
982 662 1032 716 aut
1047 672 1160 716 annum
1267 658 1268 686 l

158 752 173 800 3
191 759 331 820 magnum
352 749 471 812 vocant,
498 749 527 802 et
547 741 626 818 quod
647 740 798 802 saeculum
818 741 980 801 nominant.
1026 747 1161 800 ceterum
1182 749 1204 799 5

192 826 229 887 de
244 844 324 895 aevo,
342 826 420 906 quod
437 832 481 887 εει
491 834 608 903 tempus
622 842 713 886 unum
730 832 759 886 et
774 826 943 894 maximum,
961 841 1019 884 non
1033 823 1162 884 multum

192 911 330 990 estquod
346 912 376 970 in
391 911 557 988 praesentia
573 909 697 970 dicatur.
737 916 781 972 est
797 911 875 969 enim
892 911 1076 977 inmensum,
1094 909 1161 970 sine

192 996 320 1070 origine,
337 996 401 1055 sine
416 996 487 1069 line,
511 994 591 1073 quod
607 995 711 1054 eodem
727 993 817 1055 modo
833 1011 951 1072 semper
966 992 1022 1053 luit
1036 999 1065 1052 et
1079 1009 1160 1054 sem·

191 1097 245 1156 per
268 1077 400 1140 luterum
423 1086 480 1148 est,
512 1096 608 1156 neque
634 1078 670 1138 ad
692 1095 868 1158 quemquam
889 1077 1042 1138 hominum
1066 1078 1161 1154 magis
1268 1116 1269 1144 t

158 1173 175 1220 4
193 1178 281 1238 qnam
297 1162 333 1222 ad
349 1161 473 1224 alterum
489 1163 626 1240 pertinet.
658 1163 716 1223 hoc
737 1165 769 1222 in
785 1164 839 1222 tria
860 1161 996 1223 dividitur
1012 1168 1159 1240 tempora.
1181 1172 1221 1223 10

142 1321 144 1324 Ι
192 1249 403 1324 praeteritum,
431 1265 588 1324 praesens,
610 1247 753 1308 luterum.
790 1265 806 1307 e
833 1245 940 1326 quibus
966 1247 1160 1325 praeteritum

192 1332 274 1391 initio
290 1338 379 1400 caret,
397 1333 475 1392 exitu
491 1331 632 1402 futurum,
649 1349 791 1410 praesens
806 1339 914 1400 autem,
930 1331 1009 1410 qnod
1026 1331 1158 1391 medium

193 1424 253 1486 est,
271 1416 345 1476 adeo
362 1419 500 1494 exiguum
517 1423 546 1475 ει
560 1414 851 1492 inconprehensibile
867 1423 919 1486 est,
937 1421 969 1475 ut
983 1413 1095 1475 nullam
1111 1432 1161 1476 re-

192 1501 280 1578 cipiat
296 1499 508 1576 longitudinem
525 1518 623 1579 neque
639 1500 718 1561 aliud
734 1517 798 1560 esse
813 1500 944 1561 videatur
960 1515 1047 1578 quam
1063 1505 1161 1558 trans-

192 1585 248 1644 acti
263 1584 412 1662 luturiqne
428 1586 611 1653 coniunctio,
635 1585 708 1646 adeo
723 1602 813 1662 porro
828 1583 978 1654 instabile,
1000 1590 1033 1643 ει
1046 1582 1161 1644 ibidem
1181 1596 1217 1646 15
1269 1587 1270 1590 ’

192 1669 229 1729 sil
244 1686 419 1747 numquam,
441 1677 471 1728 et
486 1669 626 1747 quidquid
642 1669 819 1729 transcurrit
833 1688 849 1728 a
865 1670 964 1729 luturo
981 1668 1115 1746 decerpit
1130 1677 1162 1730 et

157 1763 173 1811 c
192 1752 313 1831 adponit
332 1754 502 1831 praeterito.
547 1753 621 1814 haec
640 1755 719 1813 inter
738 1771 770 1814 se
791 1760 941 1832 tempora,
972 1761 1039 1812 ante
1059 1759 1161 1813 aetum

192 1837 259 1897 dico
276 1844 304 1897 et
319 1846 490 1905 venturum,
517 1854 614 1914 neque
629 1837 710 1916 paria
726 1845 795 1898 sunt
809 1855 906 1916 neque
925 1839 965 1897 ita
985 1843 1018 1897 ut
1033 1835 1159 1898 alterum

192 1919 286 1980 altero
311 1920 428 1999 longius
454 1920 608 1983 breviusve
633 1923 780 1982 videatur:
819 1922 961 2001 quidquid
991 1921 1069 1982 enim
1096 1939 1158 1982 non

158 2003 282 2065 ahabet
300 2005 405 2075 finem,
436 2004 633 2067 conlationem
660 2023 817 2068 mensurae
844 2023 904 2066 non
924 2006 1037 2084 recipit.
1084 2023 1158 2084 qua·
1176 2017 1213 2068 20

191 2098 314 2168 propter
336 2108 439 2151 aevum
461 2108 558 2170 neque
579 2109 726 2152 annorum
747 2107 802 2151 nec
823 2090 1009 2151 saeculorum
1031 2107 1158 2152 numero

192 2191 247 2234 nec
269 2175 396 2252 denique
417 2173 477 2235 ullo
493 2176 567 2235 liniti
589 2178 729 2254 temporis
751 2175 871 2236 modulo
886 2175 984 2235 metiri
1007 2173 1157 2236 conabor:

191 2258 264 2319 haec
288 2261 367 2320 enim
383 2258 420 2318 ad
436 2267 561 2320 aetatem
582 2261 723 2321 infinitam
745 2276 804 2319 non
821 2266 889 2320 sunt
904 2257 1047 2319 brumalis
1067 2260 1158 2320 unius

190 2343 283 2403 instar
297 2344 399 2403 horae.

158 2436 176 2484 ‘t
256 2427 356 2506 ltaque
377 2432 410 2486 ut
430 2426 545 2487 saecula
566 2429 677 2506 possIm
698 2445 875 2506 percurrere
898 2434 927 2488 el
946 2427 1003 2488 hoc
1018 2434 1156 2488 nostrum
1176 2439 1212 2488 εὖ

191 2527 332 2588 praesens
358 2509 527 2588 designare,
559 2513 676 2587 omissis
696 2514 794 2572 aureis
821 2513 1026 2592 argenteisque
1048 2519 1077 2572 et
1098 2512 1156 2572 hoc

191 2611 285 2670 genus
307 2595 444 2673 poeticis,
467 2614 483 2656 a
506 2595 625 2656 conditu
646 2595 728 2656 urbis
749 2596 876 2667 Romae,
901 2597 1013 2675 patriae
1034 2603 1155 2656 nostrae

139 2681 174 2742 17
193 2681 372 2749 eommunis,
405 2680 557 2750 exordiar,
589 2690 619 2742 et
640 2682 780 2759 quoniam
802 2679 918 2742 saecula
939 2686 990 2742 aut
1010 2679 1154 2741 naturalia

191 2771 260 2824 sunt
275 2771 326 2824 aut
341 2763 450 2834 civilia,
467 2767 550 2843 prius
565 2764 602 2825 de
619 2764 802 2825 naturalibus
817 2765 921 2825 dicam.

157 2856 173 2903 2
255 2847 411 2908 Saeculum
438 2856 483 2908 est
516 2849 642 2927 spatium
669 2851 743 2910 vitae
770 2849 917 2910 humanae
950 2849 1153 2928 longissimum
1174 2859 1208 2908 30

258 3068 282 3116 4.
303 3072 451 3117 autunum
470 3069 544 3117 annii
567 3068 594 3117 V
653 3070 678 3119 ὅ.
698 3068 819 3119 seculum
841 3069 869 3118 V
924 3071 948 3119 t.
966 3068 1110 3133 presentie
1132 3067 1158 3116 V

191 3136 231 3184 10.
251 3147 332 3198 qnam
352 3133 518 3185 sounrenum
537 3137 574 3198 D,
595 3150 678 3200 quom
697 3135 733 3185 ad
750 3135 906 3186 adulterum
924 3137 943 3185 d
1011 3135 1052 3185 11.
1073 3151 1088 3184 e
1107 3151 1152 3186 ont.

190 3201 249 3250 DV
313 3204 353 3255 12.
376 3216 486 3254 εεεεειο
511 3203 635 3265 (tutatum
659 3211 718 3254 ante
739 3202 809 3269 ras.)
836 3204 861 3252 D
931 3213 1037 3254 exerunt
1061 3202 1085 3250 D

191 3271 230 3321 13.
259 3271 558 3336 tuconpnaehenstnrne
583 3272 619 3330 D,
650 3269 884 3336 inconprensibile
912 3272 938 3321 V
1006 3269 1046 3319 16.
1075 3270 1153 3332 quie-

191 3337 255 3402 quid
283 3338 312 3387 V
376 3343 404 3388 ει
428 3338 542 3402 adponit
562 3340 715 3404 praeterito
737 3353 784 3389 om.
811 3339 834 3387 V
904 3340 944 3390 18.
967 3333 1064 3403 paria]
1090 3347 1153 3400 pro-

189 3406 251 3469 pria
273 3405 300 3456 V
367 3408 406 3458 19.
425 3405 556 3471 quiequid
579 3405 605 3454 V
670 3406 712 3458 26.
731 3404 881 3471 ossaqueue
900 3403 943 3468 (δε
962 3421 998 3455 ec:
1015 3401 1052 3467 δι)
1072 3405 1097 3452 D

189 3473 231 3523 28.
252 3471 465 3534 εκοεδιεεεεΙει
484 3469 526 3538 qm
546 3470 591 3535 (ει
608 3473 680 3523 initio
698 3487 786 3522 uersus
803 3474 889 3524 adeor.
908 3487 939 3522 m.
960 3470 993 3537 2)
1012 3472 1049 3534 D,
1074 3469 1151 3521 exor-

190 3536 326 3604 dierlDE
345 3539 520 3591 sencvms
543 3539 571 3589 V
584 3541 681 3590 οειίεείε
699 3543 727 3590 ει
745 3540 874 3605 qnoniam
892 3567 923 3576 -
943 3538 1033 3588 dicem
1074 3612 1089 3650 t
