2588 4066
429 273 636 322 FRAGMENTI
659 271 733 322 oar.
751 275 806 322 xv.
1062 258 1103 324 73

133 413 249 474 Rursus
272 431 286 473 a
309 419 493 490 pentametro
515 418 548 474 ut
568 430 733 492 conponam
755 413 906 484 heroicos,
929 431 1013 474 sumo
1035 430 1101 490 par·

133 504 194 558 tem
212 498 421 574 posteriorem,

288 581 363 642 Dum
379 599 464 642 meus
479 580 599 642 adsiduo
615 579 712 642 luceat
726 582 795 660 igne
810 581 908 652 locus

135 672 164 726 et
180 683 331 744 conpono,

95 755 113 803 5
243 750 354 810 Luceat
369 750 436 825 igue
453 749 536 810 locus
551 749 657 811 Troiae
674 750 724 827 qui
739 749 852 827 primus
867 749 903 810 ab
920 750 989 810 oris.
1038 823 1041 826 ¹
1111 792 1113 796 -

138 832 327 908 Pbalaeoium
343 851 515 902 numerum,
533 830 581 912 qui
597 840 642 894 est

337 916 409 979 Altis
424 917 542 977 llumlna
559 917 682 978 vallibus
698 924 879 988 tumescunt,

134 1002 253 1063 insertis
269 1001 367 1063 vorbis
383 1002 456 1062 lario
472 1001 640 1071 heroicum,

241 1085 314 1147 Altis
328 1085 448 1147 llumina
464 1085 580 1163 prodita
596 1085 719 1147 vallibus
735 1086 803 1147 inde
818 1093 995 1148 tumescunt.

77 1177 115 1225 10
134 1170 252 1231 lonicus
267 1178 312 1231 est

287 1255 442 1314 llletuenlis
458 1261 581 1332 patruae
596 1254 719 1315 verbera
736 1254 866 1333 linguae:

135 1339 259 1399 adiciam
276 1340 360 1398 trinis
376 1337 473 1400 verbis
488 1338 619 1417 singulas
634 1337 773 1419 syllabas,

183 1422 268 1483 Nunc
285 1425 442 1484 metuentis
458 1441 537 1484 nuno
553 1430 676 1501 patruae
692 1440 771 1483 nuno
786 1422 910 1484 verbera
927 1422 1053 1502 linguae.

134 1515 216 1568 retro

77 1599 113 1647 15
289 1591 399 1652 ltaliam
417 1592 476 1652 lato
493 1591 636 1669 profugus
651 1591 828 1669 Laviniaque
845 1592 938 1660 venit,

134 1677 182 1734 eui
198 1683 242 1734 est
256 1674 351 1735 similo

287 1758 414 1820 Patriam
430 1765 491 1818 tum
509 1760 653 1837 prologus
664 1759 832 1838 Lavinaque
848 1761 934 1837 oepit.

133 1841 359 1920 Aristophanlus
375 1843 406 1902 lit
421 1841 556 1904 heroico:

198 1929 284 1989 Arma
301 1928 455 2006 virumque
472 1945 545 1988 oano
561 1926 668 1988 Troiae
684 1929 733 2005 qui
749 1928 862 2005 primus
878 1927 915 1988 ab
932 1928 1006 1997 oris,
1090 1991 1092 1994 ,

27 2065 30 2074 ,
79 2020 116 2068 20
201 2010 287 2070 Nune
309 2028 390 2072 arma
413 2012 568 2089 virumque
590 2028 663 2072 cano
687 2030 767 2073 nunc
787 2012 894 2072 Troiae
921 2013 971 2090 qui
991 2012 1104 2089 primus

606 2093 642 2155 ab
659 2095 821 2155 orisuuno.

135 2177 309 2256 Argolicum
322 2177 431 2258 syllaba
448 2177 578 2239 breviata
591 2178 744 2238 heroicum
762 2197 826 2239 esse
841 2181 1014 2247 monstravi3
1032 2181 1103 2240 item

134 2262 310 2341 Priapeum,
327 2264 352 2324 si
368 2261 509 2342 syllabam
526 2261 687 2342 subripias,
704 2261 769 2322 lieri
784 2262 948 2323 heroicum.

204 2517 227 2564 1.
247 2515 502 2582 abpeurameruos
521 2515 579 2566 uV
643 2516 667 2566 3.
694 2513 782 2564 Tibutl.
801 2513 827 2576 1,
846 2517 904 2578 1‚o
973 2513 1104 2565 abstbuus

134 2583 190 2632 ΙΙΙ)
257 2584 281 2634 5.
307 2585 402 2634 ruoioe
427 2583 465 2645 (oi
487 2586 512 2631 iu
530 2580 597 2646 rur.)
621 2583 645 2630 D
684 2637 687 2642 ¹
714 2583 738 2633 6.
762 2581 924 2647 phauecuuru
951 2582 986 2644 D,
1015 2582 1104 2630 saleu-

135 2649 201 2698 tium
231 2651 257 2700 V
323 2652 345 2701 7.
375 2663 524 2699 aurrssrmo
549 2661 677 2698 ruumtua
700 2649 756 2698 DV
783 2645 866 2710 (recte
889 2655 970 2697 autent
997 2655 1104 2713 uterque

135 2715 215 2782 us.9)
286 2719 325 2767 11.
350 2718 418 2768 Hor.
438 2733 515 2767 earm.
539 2714 602 2777 111,
624 2718 702 2779 12,2
772 2716 811 2764 12.
834 2720 893 2778 poet
916 2713 1034 2764 adiciam
1059 2717 1103 2765 de-

135 2785 196 2833 sinit
213 2785 238 2833 D
258 2785 305 2848 sol.
324 2783 389 2835 26211
408 2792 477 2836 eertr.
501 2782 613 2847 (coastat
629 2785 714 2834 codex
732 2797 767 2832 eae
785 2781 915 2832 XXXIV
930 2784 1102 2847 quaternioni·

136 2852 194 2908 bum·
211 2853 259 2902 sed
276 2853 347 2902 butus
364 2855 443 2902 ultimi
461 2853 634 2917 quaternionis
652 2852 703 2900 tria
720 2856 816 2899 tontum
831 2850 897 2913 solia
913 2857 1017 2898 servato
1034 2847 1102 2912 siml)

204 2920 292 2968 trinas
315 2921 343 2969 V
402 2920 519 2984 singulis
540 2919 569 2968 V
634 2920 674 2969 13.
692 2917 891 2968 metuentesV
962 2918 1001 2967 lo.
1025 2918 1103 2982 Verp.

136 2986 202 3036 Aen.
222 2986 246 3050 I,
265 2989 281 3035 2
333 2985 482 3050 lauinoque
504 2987 529 3036 V
547 2985 626 3050 (conf.
641 3003 668 3050 p.
684 2987 723 3043 68,
741 2982 768 3049 8)
840 2985 880 3036 l'l.
898 2984 1018 3048 vinaque
1037 2987 1103 3036 coni.

137 3051 245 3111 lallare,
268 3068 407 3119 regnaque
428 3053 551 3104 Obristtoo
620 3067 717 3116 coeptu
740 3052 800 3110 DV,
824 3067 892 3102 corr.
913 3051 1037 3104 Obristtue

136 3121 177 3169 20.
197 3135 271 3170 nune
287 3129 347 3185 post
364 3121 465 3170 Troiae
484 3122 596 3172 additum
613 3137 630 3170 a
647 3121 730 3170 Iobno
749 3126 774 3169 et
793 3120 903 3170 Cltriotio
927 3126 985 3169 ante
1004 3119 1105 3170 Troiae

133 3188 221 3248 posuit
243 3189 358 3238 Halmius
428 3189 469 3237 21.
497 3203 569 3237 nuno
591 3187 692 3238 delebat
714 3187 811 3237 labores
880 3187 921 3236 22.
947 3187 1105 3252 argolicum

137 3251 246 3315 syllaba
268 3256 295 3305 V
309 3257 335 3304 in
353 3269 406 3304 ras.
477 3254 545 3304 itam
568 3255 599 3313 V,
618 3271 686 3306 corr.
707 3258 721 3304 1
739 3271 769 3304 m.
