2558 4062
1256 340 1257 378 l

207 399 243 457 iis
264 403 381 457 centurn
404 395 533 473 dragmis
559 393 693 471 abusque
719 410 796 454 anuo
818 393 1082 473 quinquagensimo
1105 394 1179 454 item
1256 399 1257 416 ¹

208 480 353 541 decedere
379 481 488 540 inuno
514 497 632 558 quoque
653 477 752 544 binas:
788 497 823 538 cx
847 496 905 558 quc
926 479 1118 555 perspicuum
1141 479 1179 538 sit

208 566 390 625 centensimo
406 581 483 624 anno
500 562 600 624 redire
616 561 652 624 ad
668 562 736 622 anni
752 563 839 640 primi
854 562 970 641 pondus
986 579 1041 623 nec
1057 560 1178 640 longius

212 650 299 710 vitam
315 666 402 728 posse
418 647 595 727 producere.

45 767 55 788 .
158 743 191 794 15
272 731 416 802 Quoniam
443 733 532 811 igitur
554 731 636 792 civile
658 729 862 792 Romanorum
884 731 1033 792 saeculum
1057 737 1211 791 centum5

208 821 294 878 annis
309 818 496 894 transigitur,
513 817 590 876 scire
604 813 675 877 licet
690 816 721 874 in
737 815 852 875 decimo
867 814 986 876 saeculo
1002 823 1031 876 et
1045 816 1178 893 primum

208 900 336 963 natalem
352 908 435 962 tuum
456 901 547 962 luisse
564 909 593 960 et
607 898 783 960 hodiernum
800 917 874 960 esse.
912 906 984 978 quot
997 908 1095 960 autem
1111 918 1177 960 sae·
1258 915 1259 922 ¹

209 985 274 1047 cula
294 984 362 1046 urbi
382 985 494 1044 Romae
516 982 695 1054 debeantur,
720 983 820 1044 dicere
841 1002 939 1044 meum
959 1002 1019 1044 uon
1041 993 1100 1045 est:
1124 983 1178 1044 scd

209 1069 278 1148 quid
300 1068 377 1149 apud
394 1068 555 1129 Varronem
576 1067 699 1147 legerim
715 1085 774 1128 nou
791 1067 910 1136 tacebo,
933 1070 983 1146 qui
1004 1067 1079 1129 libro
1101 1068 1177 1127 anti·

209 1155 354 1233 quitatum
382 1151 639 1213 duodevicensimo
667 1153 707 1211 ait
733 1152 823 1213 tuisse
849 1153 983 1213 Vettium
1008 1153 1120 1213 Romae
1146 1153 1225 1212 iu10

209 1238 333 1315 augurio
354 1254 414 1297 non
435 1236 611 1314 ignobilem,
632 1237 751 1314 ingenio
772 1253 894 1314 magno,
923 1237 1015 1298 cuivis
1037 1236 1125 1297 docto
1147 1237 1178 1296 in

209 1322 400 1400 disceptando
415 1338 533 1400 parem:
558 1338 625 1381 eum
641 1339 674 1382 se
690 1319 806 1381 audisse
821 1321 984 1391 dicentem,
1002 1322 1026 1380 si
1041 1323 1083 1382 ita
1099 1328 1180 1382 esset

208 1414 241 1465 ut
263 1406 416 1467 traderent
436 1405 567 1466 historici
588 1404 624 1465 de
645 1403 763 1465 Romuli
787 1403 871 1465 urbis
891 1405 1063 1465 condendae
1084 1422 1179 1484 augu·
1260 1470 1261 1474 ,

208 1491 260 1550 riis
278 1508 313 1550 ac
328 1503 379 1549 ΧΗ
394 1487 532 1558 vulturis,
559 1489 698 1568 quoniam
715 1500 785 1548 cxx
801 1507 894 1549 annos
916 1488 1072 1550 incolumis
1088 1506 1178 1568 prae-

208 1575 329 1634 terisset
348 1571 477 1654 populus
491 1573 656 1642 Romanus,
678 1573 714 1633 ad
736 1571 816 1650 mille
837 1581 867 1634 et
887 1574 1029 1635 ducentos
1049 1591 1178 1653 pervcn-
1196 1583 1224 1633 lt

209 1665 319 1721 turum.

156 1743 193 1806 18
273 1741 422 1804 Hactenus
443 1742 554 1802 dictum
576 1741 612 1802 de
632 1739 764 1802 saeculo:
793 1759 873 1802 nunc
895 1741 931 1803 de
952 1744 1036 1803 anuis
1056 1743 1177 1803 maiori-

208 1827 267 1888 bus
281 1827 393 1895 dioam,
415 1843 542 1906 quorum
557 1826 730 1903 magnitudo
746 1825 819 1886 adeo
836 1825 949 1886 diversa
964 1834 1024 1887 tam
1040 1825 1178 1904 gentibus

211 1909 365 1972 observata
390 1928 479 1988 quam
506 1909 678 1972 auctoribus
704 1909 809 1971 tradita
836 1917 894 1980 est,
932 1917 965 1970 ut
991 1910 1038 1970 alii
1065 1928 1176 1972 anuum

210 2011 350 2072 magnum
372 1995 488 2055 esseio
510 1995 594 2056 annis
615 1992 796 2056 vertentibus
817 1992 947 2064 duobus,
970 1993 1017 2055 alii
1031 1995 1061 2054 iu
1076 1993 1177 2057 multis
1194 2006 1222 2055 20

209 2077 329 2141 milibus
344 2096 491 2141 annorum
513 2077 647 2140 arbitrati
663 2079 731 2140 sint.
762 2079 840 2157 quod
856 2077 942 2158 quale
957 2080 1008 2148 sit,
1030 2080 1090 2139 iam
1106 2079 1177 2140 binc

176 2171 192 2221 2
210 2162 340 2224 conabor
356 2162 518 2225 absolvere.
541 2170 657 2225 veteres
672 2165 702 2224 in
715 2162 837 2224 Graecia
853 2164 983 2224 civitates
999 2182 1066 2225 cum
1083 2165 1177 2225 auim-

209 2247 409 2316 adverterent‚
433 2247 503 2308 dum
523 2247 566 2308 sol
582 2265 680 2308 annuo
699 2265 788 2309 cursu
805 2246 909 2309 orbem
927 2265 1013 2309 suum
1030 2248 1189 2318 circumit„

208 2331 310 2392 lunam
345 2349 449 2392 novam
484 2332 633 2392 interdurn
663 2332 801 2392 tridecies
831 2333 941 2392 exoriri
970 2332 1059 2412 idque
1087 2349 1177 2412 saepe

210 2415 331 2475 alternis
350 2415 428 2483 fieri,
452 2414 586 2475 arbitrati
606 2422 676 2476 sunt
694 2414 814 2477 lunares
835 2415 990 2478 duodecim
1007 2433 1127 2478 menses
1148 2427 1177 2477 et
1192 2425 1221 2476 25

210 2498 392 2559 dimidiatum
408 2497 444 2559 ad
460 2515 571 2559 annum
586 2499 750 2560 naturalem
767 2501 933 2561 convenire.
968 2501 1067 2579 itaque
1083 2518 1178 2561 anuos

210 2581 308 2644 civiles
335 2583 377 2642 sic
398 2589 579 2652 statuerunt,
602 2590 636 2644 ut
661 2582 862 2644 intercalando
888 2585 1022 2646 lacerent
1047 2585 1177 2646 alternos

210 2667 367 2728 duodecim
387 2685 537 2738 mensum,
559 2666 687 2728 alternos
710 2668 869 2739 tredecim,
891 2677 1050 2749 utrumque
1066 2687 1176 2730 aunum

211 2753 370 2829 separatim
394 2758 571 2822 vertentem,
596 2751 714 2812 iunctos
734 2751 822 2812 ambo
844 2748 954 2813 aubum
969 2769 1111 2831 maguum
1127 2772 1177 2813 ro·

210 2844 337 2897 cantes·
351 2835 439 2914 idque
459 2843 577 2915 tempus
592 2835 741 2896 trieterida
763 2834 965 2915 appellabant,
987 2837 1066 2915 quod
1088 2839 1176 2898 tertio
1193 2849 1222 2900 30

210 2936 326 2998 quoque
347 2936 424 2979 anno
446 2918 692 2990 intercalabatur,
715 2922 849 2998 quamvis
865 2920 976 2982 biennii
991 2922 1133 2982 circuitus
1149 2929 1177 2982 ct

207 242 248 308 36
432 255 480 302 nu
503 254 564 301 mu
587 253 718 302 utram
741 252 815 302 cur.
840 254 939 302 xv11r.

278 3121 301 3168 1.
325 3118 368 3168 his
395 3120 423 3168 V
487 3121 612 3184 abusque
633 3122 824 3181 Laebmaunus,
848 3120 971 3188 abqstt,
1001 3125 1059 3188 otq3
1086 3124 1114 3173 V

209 3186 439 3251 quinquagesimo
461 3186 488 3235 V
552 3191 577 3240 3.
596 3189 749 3240 centesimo
770 3191 794 3239 V
862 3191 886 3240 ’1.
906 3189 975 3254 quob
993 3191 1018 3239 D
1086 3192 1111 3244 8.
1128 3205 1178 3240 ua·

208 3267 251 3304 ms
270 3253 295 3302 D
364 3255 405 3305 10.
429 3253 652 3306 duodeuicesimo
678 3257 705 3306 V
771 3257 812 3306 11.
835 3271 951 3322 enqonro
973 3257 998 3305 D
1066 3257 1177 3322 ignoro-

208 3321 294 3371 bilam
316 3321 343 3370 V
408 3322 571 3382 curusDV,
596 3322 828 3375 cincunsela
849 3325 878 3374 V
895 3326 922 3374 in
940 3340 1021 3390 marg.
1090 3324 1217 3376 bocro'

209 3388 246 3450 D,
277 3387 383 3437 doctori
405 3388 430 3437 V
450 3394 476 3438 et
492 3405 523 3439 m.
542 3391 669 3440 recentior
686 3392 713 3440 in
730 3392 768 3453 Ι),
797 3391 914 3442 doctiori
931 3391 1109 3442 herimannus

211 3455 416 3504 lassemur)
485 3456 525 3506 13.
549 3454 699 3508 tradebant
721 3457 747 3506 V
814 3459 853 3509 14.
877 3456 942 3525 cxx]
968 3461 1115 3510 exxDV

210 3521 251 3570 18.
270 3517 339 3586 tam]
360 3535 446 3572 erratu
466 3523 521 3572 IlV
585 3526 627 3574 24.
644 3525 782 3576 terdecies
799 3529 870 3591 uulgo
