2588 4066
220 219 263 286 50
451 231 500 278 nn
521 231 583 279 mn
605 229 738 278 uerum
759 229 834 280 cnr.
850 231 951 280 xxm.

222 373 332 435 tatibus
352 367 490 453 quattuor
505 370 603 432 modis
618 371 765 432 delinitur.
804 370 955 450 Babylonii
971 370 1088 449 quidem
1111 387 1127 430 e
1145 389 1199 432 so·

221 459 258 520 lis
273 464 378 519 exortu
394 457 430 518 ad
446 463 582 519 exortum
598 455 729 517 eiusdem
746 457 817 516 esui
832 456 909 516 diem
925 461 1099 525 statuerunt,
1115 463 1148 516 et
1163 459 1198 519 in

222 542 345 606 Umbria
370 541 506 621 plerique
533 558 549 601 a
576 540 700 602 meridie
727 541 764 601 ad
791 541 959 608 meridiem,
996 538 1198 602 Athenienses

224 636 322 689 nutem
343 625 380 688 ab
401 643 508 688 occasu
530 624 600 684 solis
621 624 657 685 ad
679 642 827 686 occasum.
873 633 1005 686 ueterum
1025 623 1156 686 Romani
1177 644 1197 686 a

224 712 320 774 medie
341 719 428 772 noete
450 709 486 770 ed
507 710 634 771 mediam
654 716 772 772 nentem
788 709 865 770 diem
888 727 953 770 esse
974 709 1193 770 existimarunt.
1216 717 1234 764 5

189 808 206 856 4
225 797 332 858 indicio
347 802 416 856 sunt
430 811 514 856 saera
525 793 643 872 publiea
659 801 689 854 et
703 795 834 872 suspicis
849 795 937 855 etiam
953 793 1194 870 magistratuum,

225 897 351 958 quorum
367 881 392 939 si
414 879 485 958 quid
507 885 575 938 ante
590 878 721 940 medium
741 879 837 939 noctis
858 886 903 939 est
923 885 1036 948 aetum,
1062 878 1120 938 diei
1142 880 1195 958 qui

226 965 378 1042 praeteriit
392 961 588 1033 adscribitur,
605 963 630 1022 si
646 962 716 1040 quid
733 969 832 1023 autem
849 969 916 1040 pest
931 960 1057 1022 mediam
1072 973 1194 1024 noctem

225 1059 255 1110 et
269 1054 338 1109 ente
349 1047 450 1109 lucem
471 1046 581 1108 lentum
597 1053 656 1114 est,
685 1065 720 1107 eo
735 1046 783 1107 die
799 1054 915 1124 gestum
930 1045 1039 1106 dicitur
1055 1047 1105 1122 qui
1126 1064 1194 1108 enm

190 1133 356 1211 esequitur
376 1138 504 1191 noctem.
534 1131 613 1191 idem
633 1130 779 1208 signifieat
793 1131 872 1209 quod
888 1131 939 1210 qui
960 1129 1088 1190 amedia
1104 1138 1195 1192 noete
1216 1138 1245 1186 10

225 1217 262 1277 ad
290 1217 455 1296 proximem
482 1214 610 1276 mediam
633 1222 751 1275 nnetem
777 1216 807 1276 in
831 1215 877 1275 his
898 1214 980 1274 horis
1001 1221 1140 1293 quattuor
1165 1221 1195 1276 et

192 1313 207 1361 6
224 1301 325 1380 viginti
340 1306 502 1361 naseuntur
523 1298 649 1360 eundem
672 1298 750 1360 diem
766 1298 876 1361 habent
890 1298 1026 1360 natalem.
1056 1301 1087 1358 in
1103 1298 1195 1360 hores

224 1400 276 1446 xm
299 1385 375 1445 diem
397 1384 520 1444 divisum
543 1401 608 1444 esse
629 1389 807 1461 noctemque
832 1385 863 1444 in
882 1384 1001 1445 totidem
1027 1382 1116 1460 vulgo
1139 1401 1194 1444 nn·

224 1479 286 1531 turn
311 1476 369 1529 est:
392 1468 443 1530 sed
465 1468 521 1528 hoe
544 1468 633 1528 eredo
649 1467 761 1528 Romae
782 1473 851 1547 post
871 1474 989 1548 reperta
1011 1465 1117 1528 solerie
1140 1467 1193 1529 nb·

224 1562 381 1615 servatum.
433 1569 558 1632 qnorum
590 1551 825 1631 antiquissimum
852 1552 931 1631 quod
957 1552 1045 1613 luerit
1070 1553 1193 1614 inventu
1211 1559 1240 1607 15

225 1637 343 1699 difficile
364 1644 420 1698 est:
450 1636 499 1696 elil
520 1637 598 1696 enim
620 1637 697 1715 apud
720 1636 823 1698 aedem
845 1635 960 1707 Quirini
982 1637 1110 1716 primurn
1133 1644 1192 1698 sla-

225 1730 320 1782 tutum
336 1720 453 1791 dicunt,
471 1719 520 1781 alii
533 1721 563 1779 in
580 1719 738 1798 Capitolio,
761 1719 896 1782 nonnulli
911 1721 947 1782 ed
963 1720 1067 1782 aedem
1083 1719 1192 1782 Dianae

191 1807 255 1867 tin
276 1806 430 1865 Aventino.
475 1802 546 1864 illud
574 1805 645 1864 setis
672 1812 800 1875 constat,
825 1803 938 1867 nullum
966 1807 995 1864 in
1022 1803 1087 1864 loro
1110 1807 1192 1884 prius

225 1889 315 1950 luisse
336 1906 425 1967 quam
445 1888 474 1947 id
495 1888 574 1967 qued
590 1889 628 1949 Μ.
650 1887 781 1950 Valerius
803 1907 838 1952 ex
861 1889 958 1950 Sicilia
979 1889 1134 1950 advectum
1155 1890 1190 1950 ed

224 1981 322 2034 rostra
342 1975 370 2033 in
392 1969 529 2033 columns
550 1974 657 2050 posuit.
693 1974 771 2053 quod
793 1976 931 2054 quoniam
953 1972 990 2034 ad
1011 1972 1097 2034 elima
1119 1975 1190 2035 Siei·
1207 1981 1235 2030 20

224 2056 282 2118 line
297 2056 479 2136 descriptum
501 2056 537 2118 ad
554 2057 643 2117 horas
659 2056 771 2118 Romae
791 2075 850 2118 non
868 2059 1050 2127 conveniret,
1073 2057 1106 2119 L.
1122 2058 1190 2119 Phi·

225 2142 324 2221 lippus
340 2158 446 2203 eensor
461 2141 540 2202 eliud
555 2141 635 2202 iuxta
652 2143 811 2202 constituit.
837 2142 943 2203 deinde
960 2141 1110 2221 aliquanto
1126 2150 1191 2222 pest

224 2226 257 2286 P.
275 2224 429 2288 Cornelius
444 2225 548 2286 Nasica
564 2243 670 2297 censor
693 2244 729 2286 ex
748 2243 824 2304 aqua
838 2225 909 2287 feeit
923 2227 1090 2296 horarium,
1113 2227 1190 2305 qued

226 2317 256 2370 et
269 2311 367 2388 ipsum
389 2327 424 2369 ex
441 2310 654 2370 consuetudine
668 2310 811 2371 noscendi
832 2329 847 2370 a
864 2309 926 2370 sole
941 2310 1030 2372 horas
1049 2309 1188 2373 solarium

192 2406 208 2454 8
227 2400 364 2470 coeptum
387 2393 494 2453 veneri.
529 2393 670 2454 horarum
691 2411 801 2454 nomen
823 2412 882 2454 nnn
898 2395 995 2456 minus
1016 2412 1110 2456 annos
1130 2404 1188 2456 tre·
1205 2401 1233 2450 25
1262 2459 1263 2465 ἵ

226 2484 329 2538 centos
344 2477 455 2537 Romae
474 2478 641 2552 ignoratum
663 2495 728 2538 esse
749 2476 891 2539 credibile
912 2486 970 2540 est:
995 2496 1062 2540 nam
1078 2494 1132 2540 ΧΠ
1145 2486 1188 2540 ta·
1261 2545 1262 2557 χ

225 2561 303 2622 bulis
318 2577 462 2641 nusquam
479 2562 642 2622 nominatas
657 2562 746 2644 horas
760 2563 900 2634 invenies,
917 2566 993 2623 utin
1010 2562 1073 2624 eliis
1088 2572 1188 2643 postea
1260 2607 1261 2651 p

225 2644 354 2725 legibus,
378 2645 429 2706 sed
451 2652 534 2706 ante
556 2644 763 2716 meridiem,
787 2664 824 2707 eo
839 2647 972 2710 videlieet
992 2648 1071 2726 qued
1091 2656 1189 2726 partes
1259 2687 1260 2743 p

1256 2847 1258 2929 r

294 2950 546 3012 1.nannneon11>,
566 2949 702 3000 babilonii
724 2951 751 2999 V
817 2948 924 3012 qnidam
943 2951 997 3000 DV
1064 2953 1089 3018 ¹⁹³·
1108 2951 1186 3002 anhe·
1256 2947 1257 3021 l

225 3029 330 3066 mensis
348 3017 373 3064 D
441 3018 465 3066 8.
483 3031 637 3081 pneenemn
655 3018 694 3082 D,
717 3017 844 3082 preteriit
864 3019 890 3068 V
955 3020 979 3072 9.
1004 3017 1120 3069 diceens
1137 3020 1188 3068 DV

226 3094 349 3150 quineem
372 3083 397 3131 D
467 3086 507 3133 12.
534 3099 602 3134 osus
626 3085 651 3134 D
721 3086 761 3135 lb.
784 3097 930 3136 rnuennum
954 3086 978 3134 D
1048 3087 1089 3136 17.
1117 3101 1185 3137 cerr·
1253 3117 1255 3207 l

226 3149 340 3215 nomine
362 3150 387 3199 1)
409 3148 455 3214 (no
473 3152 492 3201 d
513 3152 599 3201 ndeer.
623 3159 738 3202 entremo
760 3167 847 3214 versu,
869 3155 984 3218 prooeimi
1004 3161 1086 3203 autem
1103 3169 1186 3205 uersus

224 3220 296 3270 initio
314 3234 365 3268 una
382 3219 469 3269 littera
487 3233 564 3270 erasa
582 3218 644 3283 eet),
672 3219 824 3285 capitulino
846 3219 872 3270 V
939 3222 979 3272 18.
1003 3234 1080 3272 mnes
1097 3222 1122 3270 D

224 3307 266 3362 20.
287 3290 329 3370 ᾆῗῆ
347 3304 385 3367 J),
405 3287 466 3354 enm
488 3304 514 3353 V
528 3305 600 3367 vulpe
670 3317 803 3356 acerrume
820 3305 854 3367 D,
874 3303 1032 3356 eelimmete
1052 3307 1082 3368 d,
1103 3305 1182 3354 eeli-

223 3375 299 3422 mete
321 3376 346 3424 V
396 3373 437 3424 21.
457 3385 525 3422 ones
544 3370 601 3419 DV
616 3369 652 3435 (in
669 3372 695 3421 V
705 3373 796 3425 hadri.
809 3375 835 3422 in
847 3387 926 3437 marp.
938 3389 968 3424 m.
981 3371 1045 3435 ree.)
1099 3375 1139 3422 23.
1157 3387 1179 3436 p.
1251 3401 1252 3408 ξ

226 3437 334 3490 corirV
400 3439 658 3490 nemstceensouD
727 3443 768 3492 24.
791 3440 926 3492 honnrtum
946 3440 970 3488 D
1039 3441 1081 3491 25.
1105 3453 1181 3489 rues·
1251 3415 1252 3485 l

226 3521 328 3557 cennos
347 3509 372 3556 D
441 3508 482 3558 26.
502 3506 645 3557 duodecim
667 3508 692 3556 V
