2558 4062
357 265 404 312 nn
428 267 489 313 nnc
512 265 645 314 aarum
668 265 742 314 cnr.
759 265 822 315 x11.
919 325 923 334 p
1032 251 1073 315 21

101 406 280 484 signiferum
298 402 401 466 orbem
418 404 523 466 diebus
539 418 675 467 ccccxv
691 413 720 466 et
735 405 845 484 aliquot
859 405 940 467 horis
955 405 1000 466 soi
1016 408 1073 466 cir-

101 497 237 560 cumeat,
260 498 364 568 quarta
387 505 510 551 necesse
531 500 576 552 est
590 497 676 569 parte
697 489 830 569 dempta,
853 490 949 551 idest
970 490 1074 550 diebus

100 587 242 634 Lxxnxr
269 573 438 652 aliquotque
460 575 557 644 horis,
588 584 650 634 tres
672 574 800 651 quadras
826 572 948 652 reliquis
969 573 1074 635 diebus

100 671 279 719 cccxxnlr
294 675 354 718 non
370 656 464 736 plenis
479 666 651 738 percurrat,
674 676 769 737 usque
785 659 855 719 dum
870 661 1022 736 perveniat
1037 658 1073 719 ad

62 742 130 804 oid
162 742 221 803 ioci
255 742 334 803 unde
363 744 565 821 conceptionis
594 744 708 803 initium
744 743 903 821 quadratus
942 745 1071 822 aspiciat.

101 826 184 888 unde
206 833 304 887 autem
325 844 409 888 meus
424 827 553 888 humana
575 826 638 887 dies
658 829 729 887 istos
751 827 986 888 commutationis
1006 845 1072 906 spe·
1092 839 1124 888 10

103 909 198 972 culari
218 917 248 970 et
270 928 376 970 arcana
398 920 520 971 naturae
540 913 644 972 rimari
665 913 810 989 potuerit,
835 929 922 972 nemo
938 912 1070 972 miretur.

102 997 178 1056 haec
200 997 279 1055 euim
294 994 436 1074 frequens
457 995 640 1056 medicorum
664 997 842 1072 experientia
859 995 999 1074 pervidit,
1023 997 1073 1074 qui

104 1097 173 1139 cum
199 1077 308 1140 multas
335 1079 605 1140 animadverterent
632 1097 734 1140 semen
761 1098 821 1140 non
847 1081 976 1141 retinere
1002 1098 1073 1140 con·

48 1176 84 1224 10
103 1170 239 1243 ceptum,
269 1170 443 1241 conpertum
469 1163 640 1224 hahuerunt
664 1163 694 1224 id
722 1165 800 1242 quod
826 1166 905 1225 intra
932 1182 984 1226 sex
1010 1165 1073 1224 dies

103 1253 254 1326 septemve
276 1246 436 1308 eiciebatur
452 1265 516 1308 esse
532 1247 676 1318 lacteum,
698 1256 727 1309 et
741 1257 918 1308 vocaverunt
940 1247 1072 1325 ἔκρυειν,

103 1331 183 1410 quod
199 1337 301 1410 postea
317 1338 414 1392 autem
431 1334 639 1410 sanguineum,
662 1331 753 1410 idque
774 1330 955 1408 ἐκτρωεμόε
971 1331 1073 1410 appel·

103 1414 192 1476 latur.
230 1416 309 1493 quod
331 1433 401 1475 vero
425 1416 513 1476 ambo
535 1424 637 1494 partus
659 1417 796 1477 videntur
817 1415 941 1493 paribus
957 1415 1072 1498 dierum
1092 1429 1123 1477 11

103 1500 237 1560 numeris
258 1500 418 1568 contineri,
446 1501 626 1579 Pythagoras
648 1501 780 1578 inparem
802 1499 916 1569 laudat,
942 1506 1073 1561 tamena

51 1595 85 1644 15
103 1591 183 1644 secta
195 1601 255 1643 non
269 1583 426 1663 discrepat.
447 1585 505 1645 duo
518 1586 594 1646 enirn
607 1586 727 1662 inpares
740 1596 863 1644 ccvrrrr
875 1591 904 1644 et
916 1596 1090 1650 commun,¹

103 1668 176 1729 dicit
196 1666 324 1747 expleri,
347 1668 526 1747 adquorum
543 1670 828 1729 consummationem
850 1667 959 1747 aliquid
975 1687 1012 1728 ex
1027 1687 1073 1728 se·

104 1751 266 1830 quentibus
286 1752 442 1822 accedere,
473 1753 553 1832 quod
574 1762 673 1814 tamen
695 1753 772 1814 diem
793 1751 919 1814 solidum
941 1770 1000 1812 non
1022 1752 1072 1814 ad·

103 1837 190 1898 ierat.
221 1837 305 1896 cuius
320 1836 487 1916 exemplum
502 1837 634 1898 videmus
651 1844 709 1898 tam
725 1838 756 1896 in
771 1837 840 1897 anui
860 1854 947 1915 quam
964 1837 1074 1898 mensis
1092 1849 1123 1897 12

103 1921 200 1998 spatio
221 1937 353 1982 servasse
374 1931 526 1990 naturam,
558 1938 624 1982 cum
652 1928 681 1980 et
706 1921 776 1980 anni
796 1921 930 2000 inparem
955 1921 1073 1982 dierum

49 2016 85 2064 20
103 2010 307 2065 trecentorum
334 2007 484 2083 sexaginta
515 2006 645 2085 quinque
667 2023 825 2066 numerum
851 2005 999 2082 aliquanto
1023 2023 1073 2065 cu-

105 2085 265 2148 mulaverit
280 2095 307 2148 et
323 2091 416 2150 mensi
432 2088 529 2150 lunari
544 2089 581 2150 ad
597 2089 659 2150 dies
681 2088 880 2166 undetriginta
896 2088 1004 2168 aliquid
1021 2089 1072 2149 ad·

103 2170 223 2232 diderit.

168 2255 231 2317 Nec
251 2273 320 2316 vero
341 2256 517 2318 incredibile
538 2256 639 2318 estad
660 2263 779 2316 nostros
794 2253 907 2316 natales
928 2255 1071 2316 musicam
1089 2260 1124 2320 12

104 2341 264 2417 pertinere.
309 2339 383 2402 haec
405 2343 483 2402 enim
505 2341 616 2402 sivein
636 2358 709 2401 voce
729 2339 932 2401 tantummodo
954 2349 1013 2410 est,
1041 2347 1074 2401 ut

53 2435 86 2484 25
105 2425 244 2486 Socrates
263 2425 319 2493 ait,
350 2426 425 2494 sive,
456 2433 489 2485 ut
508 2426 715 2496 Aristoxenus,
745 2425 776 2484 in
797 2442 870 2486 voce
890 2431 918 2486 et
939 2425 1073 2504 corporis

104 2515 201 2576 motu,
234 2509 295 2568 sire
317 2510 347 2569 in
369 2508 416 2570 his
437 2516 467 2570 et
481 2516 634 2589 praeterea
656 2510 687 2569 in
709 2510 799 2570 animi
815 2516 911 2579 motu,
943 2517 976 2570 ut
991 2516 1074 2586 putat

102 2591 345 2671 Theophrastus,
369 2600 450 2654 certe
465 2592 591 2654 multum
613 2592 726 2654 obtinet
741 2593 896 2653 divinitatis
918 2600 947 2653 et
967 2593 1072 2653 animis

102 2675 314 2756 permovendis
335 2676 495 2755 plurimum
517 2676 600 2739 vaiet.
642 2693 710 2736 nam
733 2677 788 2737 uisi
807 2684 890 2754 grata
912 2685 989 2737 esset
1010 2676 1107 2736 deise

104 2758 327 2832 inmortalibus,
345 2763 395 2840 qui
411 2780 446 2822 ex
462 2761 559 2822 anima
575 2768 711 2822 constant
727 2759 838 2830 divina,
862 2758 996 2839 proiecto
1012 2759 1073 2820 ludi

53 2855 86 2905 30
104 2845 216 2906 scenici
236 2842 449 2924 placandorum
471 2845 595 2907 deorum
618 2861 705 2906 causa
731 2845 857 2905 instituti
878 2861 937 2904 non
965 2851 1071 2918 essent,

173 3065 198 3112 1.
217 3061 275 3113 dtas
293 3062 350 3113 DV
400 3062 517 3128 estquod
536 3063 560 3111 D
623 3065 647 3112 3.
672 3076 735 3112 nxrr
754 3062 809 3111 DV
859 3060 1030 3128 estquodque
1049 3065 1074 3112 1)

105 3128 246 3194 quadrans
267 3130 295 3179 V
298 3129 321 3188 ¹,
340 3145 409 3183 corr.
427 3147 459 3180 m.
476 3133 493 3179 2
555 3131 578 3180 7.
597 3143 698 3180 ursam-
710 3129 766 3179 DV
824 3133 849 3182 8.
868 3128 1002 3194 perturber
1020 3130 1078 3179 DV

106 3200 145 3249 10.
165 3197 321 3248 hasueaurr
340 3195 365 3247 ιδ
383 3211 411 3248 tn
429 3195 499 3261 quod
518 3198 543 3246 D
612 3198 653 3248 11.
673 3196 829 3248 eiicobatur
850 3198 879 3247 V
943 3210 1072 3249 cunerem

105 3264 171 3326 DV,
197 3280 268 3316 corr
290 3281 323 3318 m.
340 3280 393 3316 rec.
415 3266 441 3314 in
463 3266 489 3314 V
556 3266 596 3316 12.
621 3266 755 3330 sanguine
781 3263 807 3312 V
874 3277 1027 3316 exoaocuoc
1049 3264 1078 3313 V

107 3333 197 3394 (utic
211 3331 458 3395 seredoctumac)
529 3333 570 3382 14.
592 3333 747 3397 inpartem
769 3333 797 3383 V
862 3331 1011 3382 caudari)

107 3399 147 3449 16
167 3413 371 3464 exequonrtaus
390 3401 415 3448 Ι)
468 3400 507 3452 18.
526 3397 647 3450 uidemus
667 3397 694 3462 (e
712 3414 768 3450 eas
783 3399 866 3462 facta)
885 3401 910 3449 D
962 3400 1004 3448 at.
1022 3411 1073 3447 un·

107 3463 277 3532 depauperare
289 3468 314 3516 Ι)
377 3469 419 3518 24.
432 3471 463 3517 ut
475 3470 600 3518 socrates
612 3466 667 3530 dV,
680 3467 859 3518 urcaaresl)
921 3466 963 3518 28.
976 3465 1033 3515 ami
1049 3465 1077 3515 V

106 3535 147 3583 27.
166 3532 360 3585 oheornasrus
379 3533 435 3583 DV
