2558 4062
360 250 408 297 uu
430 249 646 298 prunarum
669 249 744 298 cre.
761 251 836 298 xnr.
1040 215 1083 302 23

111 408 232 468 quaque
252 387 403 450 altitudine
424 390 463 449 ita
485 389 663 460 concordes,
686 397 719 450 ut
739 388 939 452 dulcissimam
962 389 1082 467 quidem

112 477 273 536 concinant
291 471 452 542 melodiau,
477 473 528 534 sed
544 473 631 534 nobis
653 472 844 535 inaudibilem
862 482 987 554 propter
1001 476 1083 537 vocis

111 558 361 636 magnitudinem,
384 576 470 636 quarn
487 576 593 635 capere
608 559 723 619 aurium
739 564 909 620 nostrarum
930 561 1082 636 angustiae

111 660 174 704 non
190 644 311 720 possint.
342 660 409 703 nam
425 650 458 702 ut
472 642 683 704 Eratosthenes
698 643 875 720 geometrica
891 644 1005 704 ratione
1021 641 1082 704 col·
1100 656 1116 705 2

72 738 92 787 5
110 725 184 804 legit
199 728 358 788 maximum
375 734 472 787 terrae
488 727 643 788 circuitum
660 745 725 788 esse
740 726 902 788 stadiorum
919 727 1081 788 ducentum

112 811 325 891 quinquaginta
351 811 443 872 duum
470 810 598 881 milium,
628 813 667 872 ita
688 811 869 890 Pythagoras
893 819 964 888 quot
990 813 1082 873 stadia

110 896 192 956 inter
212 902 324 956 terram
345 903 375 957 et
395 894 526 972 singulas
540 893 638 956 stellas
659 905 758 957 essent
772 896 918 957 indicavit.
955 895 1081 957 stadium

111 985 212 1040 autem
233 981 264 1040 iu
285 980 341 1040 hac
361 979 463 1040 muudi
484 978 679 1041 mensura1id
701 980 887 1058 potissimum
907 978 1081 1058 intellegen-

112 1064 184 1124 drrm
200 1063 339 1143 estquod
354 1062 486 1124 italicum
502 1072 617 1134 vocant,
633 1064 743 1142 pedum
760 1071 964 1126 sescentorum
979 1065 1081 1142 viginti

56 1163 95 1213 ιο
112 1149 257 1226 quinque:
281 1165 349 1208 nam
373 1154 443 1208 sunt
463 1153 617 1224 praeterea
638 1155 667 1209 et
688 1146 743 1209 alia
765 1146 947 1228 longitudine
969 1149 1079 1209 discre-

112 1233 227 1308 pantia,
250 1238 285 1292 ut
301 1230 503 1310 Olympicum,
527 1232 604 1311 quod
621 1239 665 1294 est
679 1232 787 1311 pedum
803 1240 988 1302 sescentum,
1010 1235 1080 1293 item

111 1316 268 1396 Pythicum
282 1317 392 1396 pedum
408 1329 444 1377 Μ.
474 1317 563 1395 igitur
578 1316 615 1378 ab
630 1324 710 1378 terra
731 1316 767 1376 ad
782 1315 883 1376 lunam
898 1315 1080 1395 Pythagoras
1098 1332 1115 1380 a

111 1401 225 1476 putavit
249 1418 315 1462 esse
337 1400 498 1462 stadiorum
521 1401 638 1462 circiter
658 1407 776 1462 centurn
797 1401 898 1476 viginti
918 1419 970 1460 sex
991 1398 1080 1470 milia,

111 1483 200 1564 idque
227 1501 293 1546 esse
319 1487 382 1547 toni
409 1483 610 1554 intervallnm;
638 1482 745 1546 alona
767 1491 866 1545 autem
893 1484 929 1546 ad
951 1484 1081 1546 Mercuri

58 1583 92 1634 15
110 1568 243 1638 stellam,
260 1587 335 1647 quae
350 1569 459 1629 stilbon
474 1577 610 1638 vocatur,
627 1568 780 1630 dimidium
797 1569 876 1639 ciue,
892 1567 972 1630 velut
985 1569 1081 1630 hemi·
1132 1630 1134 1636 ,

110 1655 228 1721 eonion:
252 1651 321 1713 hinc
336 1653 372 1715 ad
389 1647 597 1732 phosphoron,
613 1671 689 1732 quae
705 1659 749 1714 est
763 1651 886 1714 Veneris
901 1650 1001 1724 stella,
1018 1653 1081 1714 iere

109 1737 302 1808 tantundem,
322 1737 380 1798 hoc
396 1745 440 1798 est
459 1736 538 1798 aliud
559 1738 758 1806 hemitonion;
781 1736 852 1798 inde
866 1754 957 1816 porro
980 1736 1017 1797 ad
1032 1755 1080 1798 so·

109 1821 171 1882 lem
192 1828 238 1882 ter
259 1828 389 1891 tanturn,
413 1823 497 1901 quasi
516 1827 621 1884 tonum
643 1829 673 1883 et
691 1821 854 1882 dimidium.
896 1822 995 1901 itaque
1010 1820 1116 1883 solist

110 1913 224 1966 astrum
246 1905 350 1968 abesse
371 1924 387 1967 a
409 1913 489 1966 terra
505 1913 591 1968 tonos
605 1913 668 1968 tres
689 1914 718 1968 et
733 1907 902 1976 dimidium,
935 1905 1014 1984 quod
1030 1924 1080 1965 vo·

56 2005 93 2054 20
113 1996 199 2050 catur
221 1990 391 2070 diapente,
422 1988 523 2050 aluna
548 1997 645 2052 autem
662 1989 735 2052 dnos
757 1998 787 2050 et
802 1989 969 2060 dimidium,
1001 1989 1082 2069 quod

114 2078 162 2132 est
176 2073 380 2136 diatessaron.
426 2073 521 2135 asoto
540 2092 612 2135 uero
632 2073 668 2134 ad
690 2073 803 2134 stellam
817 2074 933 2142 Martis,
964 2075 1010 2134 cui
1026 2091 1080 2134 no·

111 2174 184 2218 men
197 2165 241 2218 est
250 2160 357 2236 pyrois,
372 2157 556 2220 tantumdem
572 2156 717 2218 intervalli
733 2174 798 2219 esse
811 2163 953 2235 quantum
969 2175 984 2216 a
998 2165 1081 2218 terra

111 2241 149 2304 ad
164 2241 273 2313 lunam,
289 2243 379 2322 idque
394 2242 492 2304 iacere
508 2250 615 2310 tonou;
636 2241 707 2302 hinc
722 2241 758 2302 ad
773 2241 848 2302 lovis
863 2239 987 2312 stellam,
1003 2258 1080 2320 quae

111 2326 262 2404 phaethon
284 2326 463 2406 appellatur,
486 2326 639 2388 dimidium
656 2327 733 2398 eius,
758 2326 837 2405 quod
853 2325 941 2386 iaciat
954 2324 1080 2386 hemito-

60 2411 199 2480 aenium
223 2412 393 2472 tantundem
415 2413 515 2472 aiore
535 2412 571 2472 ad
587 2411 707 2472 Saturni
727 2407 857 2481 stellam,
880 2411 927 2470 cui
942 2409 1081 2489 phaenon
1106 2457 1109 2464 .

111 2513 222 2556 nomen
246 2503 304 2565 est,
336 2496 365 2556 id
388 2503 432 2557 est
452 2495 531 2556 aiiud
551 2495 749 2565 hernitonion;
776 2494 846 2556 iude
873 2495 909 2554 ad
930 2511 1079 2556 summum

113 2578 243 2649 caelum,
274 2578 326 2640 ubi
347 2580 431 2659 signa
451 2586 534 2650 suut,
564 2579 688 2657 perinde
708 2579 901 2640 hemitonion.
947 2580 1046 2657 itaque
1061 2590 1113 2640 ao

181 2851 205 2902 1.
226 2864 352 2914 quaeque
364 2849 427 2913 DV,
445 2865 515 2902 corr.
528 2849 643 2900 Ilalrniue
660 2851 717 2900 coll.
730 2847 860 2912 Mauvtpto
878 2847 914 2897 ad
926 2846 977 2898 cic.
991 2848 1023 2896 de
1032 2848 1079 2908 fin.

110 2933 138 2980 p.
150 2919 198 2966 699
268 2920 292 2970 3.
312 2919 475 2982 cnapeneD
543 2918 568 2966 4.
589 2914 816 2966 euasrosrheues
834 2927 1004 2981 geomrrsrce
1021 2915 1046 2965 D

112 2983 265 3049 colligitV
330 2985 353 3038 6.
374 2991 438 3049 quot
456 2982 624 3048 (tdr‘nrae.)
642 2985 668 3032 D
737 2984 760 3032 7.
778 2981 928 3033 interraV
996 2984 1022 3033 9.
1040 2995 1080 3031 ut·

111 3065 194 3116 geum
211 3052 236 3100 D
306 3053 347 3101 12.
370 3050 491 3116 pedu-m·
515 3052 543 3102 V
609 3053 649 3102 13.
671 3063 780 3116 meeum
802 3051 828 3100 D
897 3050 939 3100 14.
958 3061 1080 3101 meseum

112 3119 145 3176 D,
164 3117 294 3169 mereorii
312 3120 337 3179 d,
355 3117 486 3170 Mercurii
501 3119 529 3167 V
594 3120 634 3170 15.
655 3131 750 3169 sercou
768 3119 793 3167 D
845 3129 1013 3172 semtaornou
1026 3117 1084 3167 DV

112 3187 154 3238 17.
173 3197 326 3237 emrromou
343 3188 377 3249 D,
396 3186 562 3237 semitonion
579 3187 627 3236 dV
643 3183 829 3249 (hemenoutou
846 3187 871 3235 D
888 3191 947 3235 ante
965 3200 1018 3236 rae.
1037 3185 1080 3235 illo

112 3255 169 3304 loeo
192 3256 236 3320 qui
256 3271 272 3304 o
295 3254 367 3304 nebu
382 3255 537 3320 adecriptua
561 3261 601 3305 eet
618 3255 654 3304 ad
671 3270 699 3318 p.
718 3256 759 3315 25,
779 3253 813 3315 2)
885 3255 926 3304 to.
949 3263 1079 3304 acernum

112 3317 257 3383 (eoeneum
276 3320 413 3382 caterae.)
432 3323 456 3371 D
525 3323 567 3372 20.
585 3320 722 3386 dreperrre
735 3290 797 3383 o’V,
816 3316 861 3370 διὰ
873 3317 961 3372 πέντε
969 3322 1045 3381 culpo

113 3388 156 3436 21.
181 3386 367 3440 deeressaaou
390 3388 456 3449 DV,
485 3385 530 3439 διὰ
547 3386 689 3453 τεεεάρων
711 3391 783 3453 culpo
852 3387 893 3436 24.
916 3386 1025 3452 pherou
1044 3387 1079 3447 D,

112 3453 235 3518 phoeton
256 3456 284 3506 V
348 3457 390 3509 25.
412 3456 523 3523 pheuou
541 3456 596 3506 DV
663 3458 708 3506 26.
725 3457 767 3508 27.
787 3454 959 3560 hemrrontou
977 3454 1003 3504 D
1020 3460 1082 3504 uate

112 3537 182 3586 rap„
207 3523 373 3576 semitoniou
391 3523 446 3574 dV
