2558 4062
188 181 208 246 8
446 195 494 242 nn
516 195 578 242 nm
600 193 732 243 utrem
754 193 828 242 cnr.
844 195 890 242 1v.

187 333 244 396 hus
259 332 404 395 simillima
421 333 572 404 animalia,
588 335 618 393 in
633 332 680 394 his
695 333 831 396 homines
846 335 1046 402 concrevisse,
1062 335 1160 396 letus-

189 436 246 496 que
267 418 303 480 ad
318 417 505 499 pubertatem
525 419 603 479 intus
618 425 751 479 retentos
766 425 836 478 tunc
852 417 970 479 demum
986 420 1082 498 ruptis
1099 418 1161 480 illis

188 504 266 565 viros
287 503 486 580 mulieresque
510 505 561 581 qui
587 503 645 562 iam
666 519 698 562 se
719 501 799 564 alere
819 510 941 581 possent
961 504 1160 580 processisse.

188 587 383 666 Empedocles
404 594 502 648 autem
525 587 644 664 egregio
665 605 719 648 suo
742 588 885 658 carmine,
908 587 988 666 quod
1009 589 1161 650 eiusmodi

190 690 254 732 esse
279 672 431 750 praedicat
454 671 624 741 Lucretius,
655 678 692 732 ut
717 672 774 732 vix
798 671 954 732 humana
980 672 1196 733 videatur5

155 767 171 817 s
190 757 310 835 stirpe
332 763 495 824 creatus,
518 754 575 816 tale
596 755 732 834 quiddam
755 756 918 817 eonlirmat.
949 757 1045 834 primo
1060 775 1159 817 mem·

188 839 244 901 hra
259 839 375 918 singula
390 858 424 900 ex
442 847 520 900 terra
536 841 621 918 quasi
634 849 796 918 praegnate
810 842 921 919 passim
938 840 1031 910 edita,
1048 841 1160 902 deinde

190 925 285 986 coisse
307 932 336 984 et
357 925 489 985 effecisse
513 923 599 984 solidi
619 923 748 985 hominis
770 925 923 986 materiam
944 926 1004 1003 igni
1020 923 1108 986 simul
1130 931 1160 986 et

189 1009 287 1070 umori
301 1008 489 1087 permixtam.
517 1013 614 1068 cetera
631 1008 701 1087 quid
716 1026 840 1070 necesse
857 1016 901 1069 est
915 1011 1062 1089 persequi,
1080 1027 1159 1089 quae

189 1111 250 1154 nun
271 1093 388 1172 capiant
408 1091 629 1153 similitudinem
651 1093 799 1154 veritatis?
832 1093 906 1154 haec
931 1093 1033 1155 eadem
1055 1094 1158 1172 opinio
1178 1104 1216 1152 10

191 1179 277 1239 etiam
298 1178 329 1237 in
344 1176 520 1238 Parmenide
533 1175 645 1237 Veliate
666 1177 722 1238 luit
736 1177 870 1256 pauculis
889 1178 1019 1256 exceptis
1034 1177 1071 1238 ab
1084 1177 1158 1238 -Em-

156 1261 312 1340 spedocle
347 1261 496 1322 dimensis,
541 1260 709 1322 Democrito
735 1279 817 1323 vero·
831 1260 988 1324 Abderitae
1020 1280 1056 1323 ex
1082 1280 1158 1340 aqua

189 1345 319 1424 limoque
344 1347 473 1425 primum
499 1346 594 1406 visum
619 1363 684 1407 esse
710 1346 846 1407 homines
872 1353 1053 1425 procreatos.
1099 1364 1158 1406 nec

189 1429 277 1508 longe
310 1447 396 1491 secus
427 1429 589 1507 Epicurus:
627 1431 651 1489 is
681 1432 758 1491 enim
785 1430 912 1491 credidit
936 1429 1006 1492 limo
1033 1430 1158 1491 calfacto

190 1521 292 1576 uteros
312 1514 413 1574 nescio
435 1531 510 1591 quos
530 1513 683 1576 radicibus
698 1521 797 1575 terrae
819 1515 1012 1576 cohaerentes
1027 1515 1158 1594 primum
1178 1526 1211 1574 15

190 1599 352 1660 increvisse
369 1606 398 1660 et
411 1597 573 1660 infantibus
589 1617 624 1658 ex
640 1615 672 1658 se
696 1599 781 1660 editis
795 1599 959 1676 ingenitum
974 1598 1058 1660 lactis
1073 1607 1157 1660 umo-

191 1701 256 1744 rem
278 1689 384 1744 natura
404 1682 589 1743 ministrante
611 1682 798 1761 praebuisse,
824 1701 897 1764 quos
913 1685 951 1744 ita
973 1683 1113 1744 educatos
1129 1691 1159 1742 et

143 1783 176 1834 10
194 1765 310 1828 adultos
326 1783 420 1844 genus
435 1765 589 1828 hominum
612 1783 802 1845 propagasse.
833 1768 933 1829 Zenon
950 1767 1072 1838 Citieus,
1089 1768 1157 1827 stoi·

191 1868 242 1911 cac
264 1857 363 1912 sectae
384 1850 534 1920 conditor,
561 1851 741 1928 principium
762 1851 893 1912 humano
908 1853 1011 1930 generi
1032 1871 1068 1912 ex
1083 1868 1157 1911 novo

190 1932 301 1996 mundo
323 1935 513 1998 constitutum
535 1937 660 2011 putavit,
688 1937 859 2014 primosque
880 1937 1017 1997 homines
1037 1955 1074 1996 ex
1095 1935 1157 1996 solo
1176 1948 1210 1998 20

190 2017 371 2080 adminiculo
394 2017 484 2078 divini
504 2017 595 2097 ignis,
623 2018 653 2081 id
676 2026 720 2080 est
739 2020 788 2081 dei
807 2021 1007 2100 providentia,
1035 2021 1157 2099 genitos.

139 2112 170 2160 11
191 2103 318 2182 denique
333 2104 419 2164 etiam
435 2101 523 2181 vulgo
539 2103 684 2165 creditum
701 2112 759 2174 est,
781 2111 813 2165 ut
827 2103 963 2184 plerique
979 2103 1157 2184 genealogus

191 2194 327 2248 auctores
348 2195 431 2257 sunt,
460 2187 646 2266 quarundam
667 2189 815 2266 gentium,
843 2207 918 2268 quae
939 2208 975 2251 ex
996 2189 1156 2251 adventicia
1193 2223 1199 2228 -

190 2271 282 2349 stirpe
298 2288 359 2331 non
375 2273 447 2341 sint,
472 2271 623 2349 principes
638 2272 803 2350 terrigenas
819 2290 898 2344 esse,
922 2279 953 2336 ut
973 2275 1005 2334 in
1019 2274 1114 2335 Attica
1130 2279 1157 2333 et

189 2353 316 2416 Arcadia
342 2352 568 2433 Thessaliaque,
600 2372 709 2433 eosque
740 2356 956 2419 autochthonas
981 2361 1153 2419 vocitarunt.
1173 2369 1206 2419 25

190 2440 220 2499 iu
242 2437 324 2498 ltalia
352 2436 461 2518 [poeta
483 2435 610 2518 cecinit]
631 2438 781 2518 Nymphas
807 2441 1021 2522 indigenasque
1040 2443 1155 2503 Faunos

190 2539 313 2583 nemora
330 2522 475 2601 quaedam
491 2522 622 2583 tenuisse
645 2540 705 2583 non
727 2524 845 2587 dillicile
865 2527 948 2590 rudis
969 2526 1155 2606 antiquorum

189 2668 391 2676 ,-,-.-.-,

259 2741 507 2807 1.loetusquadV
566 2742 590 2792 2.
603 2745 831 2806 puuenreremD
899 2748 923 2796 3.
936 2759 1000 2796 uteo
1012 2745 1045 2804 D,
1059 2746 1156 2794 enred

190 2811 214 2862 d.
235 2810 377 2866 decretl
393 2812 449 2861 733
518 2812 543 2860 7.
561 2823 706 2875 praegnatus
724 2813 757 2874 D,
776 2815 929 2878 pregnante
952 2814 980 2863 V
1045 2812 1085 2864 11.
1104 2813 1155 2863 Ve-

189 2927 258 2977 liate
280 2927 442 2994 Rutperaioe,
472 2876 679 2990 uocasdfdeffld,
710 2929 756 2982 uel
778 2929 808 2979 in
831 2933 917 2980 sterts
939 2932 975 2991 V,
1006 2928 1155 2980 Veliensis*

189 2994 287 3046 Iubnua
356 2993 513 3060 eupebocne
531 3001 590 3049 DV
655 3001 695 3048 12.
713 2997 878 3048 dissensisse
896 2999 914 3048 d
922 2999 948 3048 V
1015 2998 1057 3046 14.
1077 2999 1156 3061 nouqi

191 3061 211 3125 (i
223 3063 249 3113 in
261 3063 365 3126 ruehl)
419 3062 559 3115 calefacto
577 3067 628 3115 dV
692 3066 732 3115 16.
745 3077 880 3130 tuqemum
892 3065 951 3115 DV
997 3063 1159 3114 umoneDV

190 3132 230 3182 18.
254 3128 361 3180 Citieus
382 3129 493 3193 Jatme,
517 3132 702 3191 menerual),
721 3133 861 3183 ticisteius
879 3135 905 3196 d,
924 3133 1053 3185 tieteiuss
1072 3131 1154 3192 (eruco

189 3195 213 3260 s)
236 3196 262 3245 V
267 3213 274 3259 ς
297 3196 457 3248 scribendum
473 3199 574 3250 uidetur
591 3199 710 3252 Cilicius
781 3202 821 3250 19.
844 3214 953 3251 uououo
970 3201 996 3250 D
1064 3201 1104 3250 20,
1124 3214 1156 3248 ex

188 3263 248 3314 solo
266 3263 325 3324 dV,
345 3278 432 3313 exoso
449 3265 475 3314 D
543 3269 585 3320 21.
604 3262 661 3332 dei]
681 3265 711 3315 di
732 3267 759 3316 V
825 3269 865 3317 22.
885 3267 1055 3332 genealogus
1073 3266 1155 3316 Laed-

188 3346 302 3395 mannuc‚
315 3345 503 3398 qeueanoqaae
515 3333 571 3384 DV
638 3334 680 3384 24.
693 3335 842 3401 terriginae
857 3334 884 3383 V
950 3337 992 3386 to.
1005 3332 1155 3385 aunoerho·

189 3413 241 3448 uas
254 3400 293 3462 D,
312 3398 414 3449 authoc
425 3401 507 3450 tonas
523 3401 548 3450 V
615 3403 775 3452 vocitarunt
786 3402 970 3461 Lachmannus,
983 3414 1154 3453 uocarent-ur

187 3465 244 3515 DV
309 3467 350 3519 26.
370 3466 501 3531 srmphas
518 3467 544 3517 D
