2558 4062
197 210 218 274 6
251 225 253 230 ·
453 222 501 268 55
523 222 585 270 orn
607 221 739 272 uersor
762 220 836 270 car.
854 221 899 269 rv.

162 373 179 421 4
198 380 375 442 quamquam
396 379 455 422 non
476 360 571 422 solum
591 359 654 430 hio,
677 361 729 422 sed
745 368 774 422 et
794 359 842 421 alii
858 365 927 422 sunt
946 367 1099 438 praeterea
1116 360 1168 421 dei

198 445 356 525 conplures
378 447 531 506 hominum
552 447 640 506 vitam
662 462 718 524 pro
738 463 789 506 sua
813 446 937 523 quisque
957 446 1095 522 portione
1111 444 1166 505 ad·

198 530 411 601 minioulantes,
429 548 503 609 quos
514 528 660 590 volentem
672 545 853 608 cognoscere
869 529 1166 607 indigitamentorum

198 615 266 676 libri
286 617 357 676 satis
373 614 547 676 edocebunt.
584 614 635 674 sed
651 631 755 675 omnes
770 613 802 674 hi
816 613 909 675 semel
923 615 1028 674 inuno
1045 630 1166 693 quoque

197 699 315 760 homine
337 701 490 762 numinum
511 715 635 759 suorum
662 698 798 759 ellectum
819 705 1061 776 repraesentant,
1088 715 1164 777 quo·
1185 710 1200 758 5

197 785 274 845 circa
297 801 356 845 non
378 802 433 864 per
454 800 542 845 omne
563 784 638 843 vitae
654 784 780 860 spatium
803 783 884 843 novis
899 781 1093 861 religionibus
1115 800 1164 844 ar·

162 876 371 930 ecessuntur:
402 868 506 944 genius
527 875 625 928 autern
654 869 694 927 ita
715 865 802 926 nobis
822 866 963 928 adsiduus
991 865 1165 927 observator

197 953 347 1029 adpositus
363 959 422 1020 cst,
446 961 478 1012 ut
494 969 531 1012 oe
546 958 657 1031 puncto
672 951 790 1028 quidem
806 953 949 1028 temporis
963 949 1080 1028 lougius
1096 950 1164 1010 abs-

198 1035 295 1107 cedat,
320 1036 371 1096 sed
395 1035 431 1096 ab
454 1044 538 1098 utero
560 1035 662 1096 matris
684 1041 821 1114 acceptos
842 1035 879 1095 ad
901 1043 1066 1097 extremum
1088 1035 1164 1096 vitae

197 1120 274 1180 diem
296 1121 461 1181 comitetur.
500 1119 551 1180 scd
576 1138 642 1180 cum
666 1118 1216 1198 singulihominessummotum-10

198 1204 286 1265 modo
309 1205 447 1283 proprios
467 1203 565 1264 colant
588 1202 714 1273 natales,
745 1221 800 1282 ego
820 1211 918 1265 tamen
946 1203 1056 1282 duplici
1077 1210 1164 1283 quot·

161 1302 178 1350 o
197 1289 281 1349 annis
302 1288 398 1348 cilicio
418 1287 542 1349 huiusce
565 1287 716 1366 religionis
738 1289 921 1366 adstringor:
945 1305 1013 1348 nam
1035 1305 1102 1348 cum
1126 1305 1164 1348 ex

197 1380 225 1434 te
240 1380 348 1450 tuaque
363 1373 489 1433 amicitia
504 1372 650 1432 honorem
666 1371 837 1450 dignitatem
854 1373 944 1432 decus
966 1372 1061 1449 adque
1076 1389 1163 1449 prae·

197 1457 320 1526 sidium,
338 1462 444 1517 cuncta
460 1456 586 1536 denique
601 1457 676 1516 vitae
692 1458 823 1534 praemia
837 1458 994 1534 recipiam,
1017 1457 1099 1516 nefas
1115 1473 1162 1515 ar·

196 1541 306 1610 bitror,
335 1541 361 1601 si
381 1540 458 1600 diem
480 1548 579 1610 tuum,
609 1542 660 1620 qui
676 1547 704 1601 te
719 1541 791 1600 mihi
811 1542 841 1601 in
857 1541 934 1601 hanc
948 1540 1045 1601 lucem
1061 1539 1162 1608 edidit,
1184 1552 1214 1598 15

197 1643 263 1684 meo
278 1623 329 1686 illo
345 1625 467 1704 proprio
484 1621 684 1702 neclegentius
700 1623 904 1686 celebravere:
928 1623 976 1684 ille
997 1624 1073 1686 enim
1090 1622 1165 1684 mihi

197 1709 301 1777 vitam,
318 1708 367 1769 hic
382 1710 456 1769 vitae
471 1708 601 1768 fructum
617 1709 712 1787 adque
728 1717 934 1770 ornamentum
949 1716 1139 1788 pepererunt.

162 1803 181 1859 4
262 1792 407 1864 Quoniam
425 1799 504 1854 aetas
523 1810 539 1851 a
555 1791 602 1852 die
617 1791 706 1853 natali
720 1793 834 1854 initium
850 1794 939 1855 sumit
953 1800 1079 1872 suntque
1094 1799 1162 1854 ante

195 1875 276 1936 hunc
301 1877 378 1938 diem
400 1875 492 1937 multa
512 1894 587 1954 quae
607 1876 644 1937 ad
664 1876 816 1937 hominum
837 1879 987 1957 pertinent
1007 1877 1161 1955 originem,

196 1978 256 2020 non
273 1960 400 2023 alienum
416 1961 532 2021 videtur
553 1961 590 2021 de
609 1961 645 2022 iis
661 1962 743 2039 prius
758 1961 858 2024 dicere
879 1979 953 2040 quae
974 1969 1042 2022 sunt
1056 1968 1161 2021 natura
1180 1971 1213 2020 to

196 2046 318 2122 priora.¹
344 2047 433 2123 igitur
455 2063 531 2126 quae
545 2046 693 2107 veteribus
717 2046 753 2107 de
770 2047 883 2124 origine
903 2046 1031 2108 humana
1052 2045 1162 2107 fuerint

197 2131 366 2207 opiniones,
384 2147 418 2190 ex
434 2128 481 2190 his
497 2129 640 2207 quaedam
656 2129 785 2191 breviter
801 2147 955 2209 exponam.

163 2230 178 2277 2
261 2215 360 2276 Prima
382 2222 412 2274 et
429 2215 575 2291 generalis
589 2215 722 2293 quaestio
743 2216 821 2274 inter
843 2216 979 2293 antiquos
1001 2214 1162 2310 sapientiae

197 2298 343 2359 studiosos
358 2303 472 2358 versata
488 2305 547 2368 est,
572 2298 666 2375 qood,
691 2315 758 2357 cum
774 2304 888 2359 constet
902 2299 1039 2360 homines
1061 2301 1219 2382 singu·

93 2454 96 2462 ,
196 2381 242 2441 los
265 2399 299 2442 ex
320 2388 477 2460 parentum
492 2379 655 2441 seminibus
671 2388 843 2460 procreatos
865 2384 1054 2445 successione
1069 2381 1160 2461 prolis
1179 2393 1211 2441 25

196 2463 286 2526 multa
309 2463 426 2526 saecula
442 2481 624 2542 propagare,
650 2463 698 2525 alii
714 2481 832 2542 semper
848 2467 982 2530 homines
997 2468 1087 2528 luisse
1106 2484 1161 2527 neo

196 2567 336 2628 umquam
361 2549 417 2608 nisi
444 2567 479 2608 ex
505 2547 675 2609 hominibus
700 2558 786 2610 natos
813 2550 908 2630 adque
934 2570 1037 2614 eorum
1059 2552 1161 2628 generi

196 2642 284 2711 caput
308 2632 521 2710 exordiumque
546 2630 658 2694 nullum
687 2635 816 2696 extitisse
842 2635 976 2697 arbitrati
1001 2643 1083 2705 sunt,
1114 2633 1161 2695 alii

195 2735 265 2778 vero
281 2717 371 2778 fuisse
386 2723 503 2795 tempus
519 2734 585 2777 curn
602 2718 737 2788 homines
752 2734 811 2779 non
827 2728 940 2792 esseut,
958 2719 1047 2782 ethis
1063 2725 1159 2780 ortum

163 2808 179 2856 3
198 2799 326 2880 aliquem
348 2801 587 2880 principiumque
613 2808 717 2864 natura
738 2803 891 2866 tributum.
928 2805 979 2867 sed
1006 2805 1087 2882 prior
1111 2802 1209 2864 111535

262 3019 287 3070 4.
306 3017 421 3070 librisd
473 3020 723 3072 serrseeooceouxn
741 3023 765 3070 D
817 3023 858 3072 hu
876 3023 901 3070 D
969 3024 993 3071 5.
1013 3035 1161 3085 quomens

195 3086 220 3135 Ι)
288 3086 313 3136 6.
334 3099 412 3138 roms
431 3087 455 3136 D
525 3088 725 3150 555555515555
741 3088 774 3150 D,
795 3104 840 3137 mu
856 3091 883 3138 in
900 3103 979 3152 marg.
998 3090 1084 3138 odacr.
1103 3089 1122 3136 d

193 3155 220 3205 9.
240 3167 360 3218 acepros
379 3155 416 3215 D,
442 3154 574 3220 odoeptos
593 3157 660 3219 dV,
685 3156 719 3205 ad
738 3170 834 3206 cereos
853 3159 881 3204 et
900 3159 966 3206 extr.
985 3155 1161 3204 Lucumonem

194 3221 373 3270 iuraturum
392 3219 509 3272 moooD
563 3224 603 3273 11.
623 3237 693 3287 quor
713 3236 792 3272 aunis
811 3222 835 3270 Ι)
887 3222 1120 3286 1555515551)

195 3287 334 3350 astringor
355 3290 380 3340 V
448 3290 488 3341 13.
507 3295 589 3354 atque
612 3291 644 3353 V,
662 3292 721 3341 item
736 3304 773 3340 or
787 3292 903 3339 175127
971 3291 1012 3340 16.
1035 3289 1160 3356 555515-

195 3354 306 3418 gentius
327 3357 354 3404 V
414 3358 675 3408 5555555555551)
745 3357 786 3406 18.
806 3370 949 3420 surrrquae
967 3358 992 3407 D
1060 3359 1101 3408 20.
1119 3357 1160 3407 hia

195 3421 262 3470 dia
283 3437 337 3476 ras.
364 3423 401 3485 V,
425 3439 493 3474 corr.
519 3425 636 3475 Halmius
706 3424 746 3474 21
772 3425 814 3478 22,
838 3424 1006 3476 fuerunt-
1029 3424 1160 3490 quosdam

195 3486 293 3539 1515555
362 3491 404 3540 28
422 3489 510 3555 ceptro
528 3491 552 3539 D
