2558 4062
183 249 225 314 28
440 263 487 310 nn
510 261 571 310 nin
593 261 723 311 narsus
746 261 821 309 cnr.
838 261 894 309 xv.

186 405 284 482 perio:
319 403 371 463 sed
396 403 476 464 huno
508 403 607 462 lerunt
634 399 799 462 naturalem
825 399 969 462 stomachi
999 400 1159 460 infirmita·

185 496 245 550 tem
268 487 448 566 crebrasque
464 486 590 548 morbidi
605 487 739 566 corporis
761 485 937 546 offensiones
958 484 1032 544 acleo
1047 485 1160 544 virtute

187 573 279 633 animi
293 572 343 633 diu
358 578 554 641 sustentasse,
571 577 604 632 ut
618 572 712 647 magis
727 571 835 630 mirum
850 570 888 628 sit
902 568 939 628 ael
955 586 1049 629 annos
1064 581 1159 628 nxnt

188 675 256 718 eum
271 657 359 717 vitam
375 655 532 734 pertulisse
548 673 637 734 quam
652 655 730 715 ultra
746 671 806 714 non
822 651 989 731 protulisse.

96 733 99 738 ’
134 746 170 804 15
253 739 365 810 Quare,
393 741 577 802 sanctissime
599 737 738 808 Caerelli,
766 755 832 798 cum
854 739 942 799 istum
970 754 1081 798 annum
1104 737 1200 813 quic
1264 768 1265 856 p

187 827 315 886 maxime
331 825 429 885 luerat
444 826 563 903 corpori
578 822 789 884 formidolosus
804 824 867 882 sine
889 820 950 883 ullo
964 821 1158 882 incommodo
1264 859 1265 868 ,

186 911 352 979 transieris,
374 916 506 976 ceteros,
530 909 581 985 qui
600 907 728 969 leviores
742 917 825 976 sunt,
850 905 1034 967 climacteras
1055 907 1158 966 minus

187 993 240 1054 tibi
262 994 446 1070 extimesco„
460 994 636 1071 praesertim
660 1009 726 1052 oum
742 993 772 1050 in
787 981 927 1050 te'animi
948 991 1046 1067 potius
1066 1007 1158 1069 quam

149 1095 151 1101 ’
188 1078 323 1156 corporis
345 1085 480 1137 naturam
495 1077 586 1136 sciam
602 1077 763 1144 dominari,
792 1093 902 1154 eosque
918 1075 995 1134 viros
1016 1075 1067 1152 qui
1081 1073 1159 1134 tales

187 1164 309 1222 luerunt
332 1178 391 1219 non
407 1163 491 1239 prius
510 1162 567 1221 vita
589 1162 750 1221 excessisse
771 1177 859 1238 quam
881 1159 917 1219 ad
940 1175 1051 1218 annum
1071 1156 1157 1217 illum
1178 1166 1221 1216 10

188 1246 422 1324 octogensimum
443 1252 472 1305 et
493 1261 584 1304 unum
604 1245 807 1322 pervenerint,
829 1243 860 1303 in
882 1261 941 1322 quo
961 1242 1045 1302 Plato
1066 1242 1158 1302 linem
1266 1274 1267 1344 p

187 1331 264 1390 vitae
285 1336 314 1390 et
333 1328 497 1407 legitimum
524 1345 589 1389 esse
612 1329 787 1388 existimavit
808 1333 837 1386 et
857 1327 962 1387 habuit
980 1326 1157 1400 legitimum.
1266 1345 1267 1350 ¹

155 1415 246 1474 choo
269 1431 348 1474 anno
370 1420 399 1474 et
418 1412 574 1492 Dionysius
595 1411 800 1482 Heracleotes,
822 1417 857 1471 ut
875 1412 934 1472 vita
954 1410 1065 1479 abiret,
1088 1410 1158 1470 cibo

107 1533 111 1540 ·
189 1498 330 1558 abstinuit
345 1506 375 1556 et
389 1504 492 1558 contra
509 1497 654 1574 Diogenes
671 1496 790 1576 cynicus
805 1495 863 1555 cibi
880 1494 1023 1556 cruditate
1038 1495 1068 1554 in
1084 1494 1158 1554 cho·
1267 1526 1268 1564 r

188 1582 281 1658 leram
303 1580 416 1642 solutus
437 1588 490 1642 est.
529 1580 742 1642 Eratosthenes
757 1597 876 1658 quoque
896 1579 944 1640 ille
966 1579 1046 1639 orbis
1060 1587 1158 1639 terra·
1178 1588 1217 1638 15

189 1685 257 1727 rum
277 1682 398 1726 mensor
419 1673 448 1725 et
469 1665 651 1726 Xenocrates
669 1662 838 1726 Platonicus
858 1665 967 1724 veteris
988 1662 1158 1724 academiae

156 1762 171 1809 3
189 1752 329 1828 princeps
350 1749 387 1810 ad
410 1749 537 1810 eundem
558 1766 668 1808 annum
690 1749 837 1808 vixerunt.
877 1765 939 1808 non
959 1749 1047 1825 pauci
1068 1748 1157 1808 etiam

174 1843 243 1912 ‘per
269 1835 359 1894 animi
380 1834 514 1910 spiritum
542 1831 684 1893 molestiis
705 1834 839 1910 eorporis
862 1833 1010 1910 superatis
1033 1830 1158 1892 limitem

189 1919 277 1977 istum
294 1918 471 1994 transgressi
485 1923 568 1986 sunt,
590 1925 623 1978 ut
638 1916 818 1986 Carneades,
841 1935 857 1977 a
873 1934 932 1995 quo
948 1917 1035 1977 tertia
1051 1915 1157 1976 acade-

191 2001 248 2062 mia
261 2008 314 2069 est,
332 2018 407 2079 quae
419 2001 526 2062 dicitur
538 2018 622 2070 nova,
639 2003 691 2080 qui
703 2001 739 2061 ad
752 2018 862 2062 annum
878 2001 1123 2077 nonagensimum
1129 2019 1155 2070 a,
1175 2009 1213 2059 20

189 2083 236 2145 vel
251 2083 424 2156 Cleanthes,
447 2091 501 2162 qus·
519 2103 579 2147 uno
594 2087 691 2146 minus
706 2093 826 2146 eentum
848 2084 982 2164 explevit.
1016 2091 1045 2144 at
1059 2084 1157 2144 Xeno·

191 2170 303 2247 phanes
318 2167 519 2248 Colophonius
540 2171 634 2230 maior
655 2186 799 2231 annorum
821 2176 939 2230 centum
955 2169 1019 2229 luit.
1049 2168 1156 2230 Demo·

191 2255 297 2316 eritum
324 2256 444 2334 quoque
464 2253 624 2315 Abderiten
652 2261 680 2315 et
705 2253 856 2314 Isocraten
882 2254 1036 2314 rhetorem
1057 2252 1158 2314 lerunt

190 2355 284 2416 prope
305 2337 343 2398 ad
364 2338 394 2397 id
417 2339 522 2398 aetatis
542 2339 712 2415 pervenisse
736 2355 795 2416 quo
817 2337 947 2414 Gorgian
969 2337 1156 2406 Leontinum,

192 2439 279 2499 quem
299 2422 431 2480 omnium
454 2428 586 2481 veterum
602 2423 730 2482 maxime
751 2439 853 2482 senem
869 2422 959 2482 luisse
980 2429 1010 2482 et
1024 2429 1092 2482 octo
1106 2437 1155 2480 su·
1174 2429 1211 2478 25

156 2516 244 2584 4pra
266 2511 385 2564 centum
407 2521 500 2564 annos
522 2503 661 2565 habuisse
683 2512 806 2566 constat.
848 2505 927 2585 quod
948 2506 972 2566 si
993 2503 1156 2565 cultoribus

191 2588 350 2666 sapientiae
371 2589 430 2649 sive
454 2606 510 2668 per
535 2589 623 2649 animi
650 2590 787 2651 virtutem
807 2607 860 2650 seu
880 2589 946 2667 lege
967 2588 1019 2650 lati
1044 2588 1155 2649 diutina

192 2671 297 2751 obtigit
315 2674 389 2744 vita,
411 2691 471 2734 non
487 2673 613 2753 despero
629 2674 744 2752 quinte
760 2691 878 2752 quoque
893 2673 943 2734 diu
959 2690 1085 2752 corpore
1105 2672 1156 2733 ad-

260 2994 283 3044 l.
307 2991 462 3043 snhomaehr
479 2995 505 3041 D
572 2996 597 3047 4.
616 2993 732 3057 ptulisse
755 2993 783 3042 V
846 3007 901 3043 non
918 3005 1087 3058 pessuntsse
1104 2990 1162 3041 DV

191 3057 331 3109 boerelli
359 3059 383 3107 V
400 3075 435 3110 ecc
452 3063 493 3110 stt.
565 3075 625 3110 oum
644 3063 704 3111 din
723 3076 776 3110 ras.
847 3063 871 3110 7.
895 3075 1046 3110 noentoses
1064 3059 1090 3108 D

192 3128 233 3180 11,
252 3125 451 3190 octogesimum
473 3126 499 3175 V
566 3129 607 3178 12.
628 3139 781 3178 exrtmsmr
798 3128 823 3176 D
892 3129 933 3180 13.
952 3126 1085 3178 baontetus
1103 3124 1161 3175 DV

192 3195 232 3244 15.
253 3205 385 3242 scaurum
403 3195 429 3241 D
498 3195 538 3244 16.
557 3209 726 3246 xenocasms
738 3196 775 3252 D,
794 3198 974 3246 *xenocrates
988 3196 1076 3257 (erasa
1089 3191 1115 3257 e)
1133 3191 1159 3240 V

192 3257 368 3313 cchabemace
389 3260 445 3309 DV
512 3262 553 3312 19.
576 3261 740 3312 achademia
766 3263 791 3311 V
858 3263 900 3313 20.
923 3277 997 3313 nous
1019 3275 1073 3310 nen
1091 3275 1156 3310 ene·

192 3328 298 3380 snnhes
318 3327 456 3394 (cleantes
472 3325 511 3392 V)
528 3341 573 3391 qut
592 3327 625 3379 ab
644 3341 744 3380 assum
757 3341 982 3396 conscensionem
996 3328 1157 3392 (nonagesi-

191 3411 264 3445 mum
280 3395 314 3455 Vl
332 3410 387 3446 uno
403 3409 487 3445 ninus
505 3407 619 3444 connum
636 3397 697 3459 DV,
717 3399 876 3462 transposuit
891 3397 1005 3453 Ichnus-
1027 3397 1092 3446 idem
1111 3409 1154 3446 so·

191 3463 276 3512 cessit
294 3460 421 3526 (Halmius
431 3462 513 3526 vixit)
529 3470 591 3527 post
601 3464 828 3528 nonagensimum
839 3465 1000 3516 intercidisse
1011 3463 1121 3514 coniecit

190 3530 231 3579 21.
250 3526 430 3594 xenophanes
448 3530 503 3579 DV
570 3531 611 3581 28.
630 3535 714 3595 atque
736 3531 763 3580 V
