2588 4066
440 249 646 300 senonensi
668 248 743 298 css.
759 247 806 298 rx.
1065 233 1107 298 63

137 392 261 462 inmissa
280 390 441 451 interiores
463 387 586 468 angulos
600 391 732 450 minores
747 387 863 450 duobus
883 388 973 450 rectis
994 389 1106 461 lecerit,

139 477 248 538 eiectas
262 475 355 536 lineas
371 492 561 536 concurrere.

203 559 235 622 si
255 558 376 638 peribus
396 560 478 638 paria
500 558 612 619 adiecta
634 558 758 629 suerint,
785 560 884 619 omnia
904 559 985 636 paria
1004 565 1140 627 erunt;e

139 652 169 707 et
190 647 214 705 si
229 642 352 723 paribus
367 644 449 723 peria
465 643 593 722 dempta.
631 649 660 704 et
675 661 750 722 quae
765 643 858 704 isdem
874 645 957 723 paria
973 650 1054 712 sunt,
1078 648 1108 702 et

104 737 120 786 5
140 730 217 790 inter
233 733 265 790 se
280 729 362 807 paria
377 736 454 790 sunt.

516 929 566 980 DE
585 927 731 981 MUSIOA.
1121 923 1141 982 9

202 1065 290 1127 Prior
313 1072 356 1128 est
376 1067 490 1127 musica
510 1066 680 1127 inventione
700 1063 831 1126 metrica.
870 1081 939 1126 cum
954 1065 1013 1126 sint
1028 1065 1106 1124 enim

88 1157 121 1206 10
140 1150 334 1230 antiquissimi
359 1157 515 1228 poetarum
535 1150 682 1210 Homerus
701 1149 847 1210 Hesiodus
869 1148 1025 1218 Pisander,
1052 1147 1106 1209 hos

140 1235 234 1296 secuti
258 1233 389 1312 elegiarii
405 1233 533 1296 Callinus
548 1235 742 1295 Mimnermus
757 1233 891 1304 Euenus,
914 1251 983 1293 mcx
1003 1233 1106 1294 Archi·

138 1318 243 1380 lochus
272 1327 300 1394 et
320 1317 486 1380 Simonides
507 1319 674 1379 trimetrum
696 1316 873 1385 iambicum.
901 1317 1036 1378 chorium
1059 1335 1105 1378 ca·

139 1401 307 1466 telecticum
334 1409 528 1464 tetrametron
549 1402 775 1482 conposuerint,
802 1401 996 1462 Archilochus
1019 1403 1142 1462 etiamn

140 1495 284 1550 commata
308 1487 442 1549 versibus
468 1487 641 1565 adplicando
666 1487 787 1546 variavit
808 1486 911 1565 epedis
932 1503 986 1564 per
1013 1485 1105 1563 pluri-

87 1577 120 1628 15
138 1590 203 1634 mas
223 1573 352 1650 species,
389 1572 481 1634 secuit
503 1570 624 1632 Alcman
651 1587 792 1631 numeros
813 1567 922 1631 tetiam
949 1570 1055 1630 minuit
1075 1571 1105 1629 in

139 1673 270 1718 carmen.
309 1657 378 1716 hinc
401 1657 517 1736 poetice
537 1655 651 1717 melico.
687 1661 717 1714 at
736 1653 871 1715 Telesilla
894 1655 981 1715 etiem
1001 1654 1107 1730 Argiva

138 1742 313 1801 minutiores
334 1740 425 1802 edidit
438 1758 588 1801 numeros.
621 1755 697 1816 quae
712 1740 827 1817 species
843 1757 910 1800 cum
933 1741 990 1798 iem
1006 1736 1106 1815 displi-

138 1832 221 1886 ceret
247 1831 277 1886 et
296 1826 411 1902 integra
433 1824 552 1893 brevior
575 1823 736 1894 videretur,
767 1824 968 1902 magnitudine
987 1821 1107 1883 Pindari
1157 1872 1160 1878 ,

139 1909 255 1972 adserta
271 1916 330 1979 est,
352 1911 404 1986 qui
417 1908 529 1970 liberos
544 1912 634 1970 etiam
650 1925 790 1968 numeros
807 1908 901 1968 modis
917 1907 1015 1968 edidit.
1051 1906 1106 1967 hos

84 2001 120 2049 20
138 1996 231 2056 secuti
246 1995 351 2056 musici
365 1993 539 2055 Timotheus
555 2003 585 2054 et
599 1992 735 2070 Polyidos
750 1998 780 2053 et
795 1992 959 2070 Hyperides
974 1998 1003 2051 et
1018 1988 1106 2068 Phyl·
1129 1989 1135 2000 “

138 2077 174 2139 iis
190 2087 220 2140 et
235 2077 414 2139 clarissimus
434 2096 501 2139 cum
517 2078 622 2157 peritia
638 2085 701 2137 tum
723 2074 889 2152 eloquentia
904 2076 1104 2136 Aristoxenus.

139 2161 281 2224 modulati
296 2165 432 2239 protinus
447 2168 561 2222 cantus.
592 2178 647 2222 nec
663 2167 762 2222 tamen
778 2158 837 2220 †an
853 2177 913 2219 non
928 2166 1013 2237 putes
1029 2159 1104 2218 anti·
1124 2163 1140 2210 3

140 2247 260 2325 quiores
282 2254 385 2309 cantus
408 2264 473 2308 esse
494 2247 641 2314 numeris,
664 2244 715 2306 sed
737 2245 864 2305 rusticos
881 2250 909 2304 et
929 2241 1102 2312 inconditos,
1161 2327 1163 2332 ,

209 2451 231 2499 1.
252 2447 319 2499 duos
338 2462 432 2499 necrus
451 2461 538 2513 penes
558 2461 674 2498 recessu
691 2447 753 2511 DV,
773 2462 841 2497 corr.
860 2445 1017 2500 Nonacrius:
1039 2445 1107 2508 conf.

139 2523 223 2568 tomen
236 2517 348 2567 &omae
365 2533 393 2584 p.
408 2518 515 2574 379,13
582 2518 609 2567 4.
628 2529 681 2578 que
703 2516 731 2565 V
796 2513 899 2578 eisdem
917 2517 998 2577 culpo,
1018 2512 1108 2562 eidem

140 2586 205 2637 roni.
222 2584 320 2634 Iohnuo
389 2585 428 2635 10.
452 2583 614 2648 Terpander
636 2585 700 2633 coni.
720 2582 845 2632 Cauchius
914 2582 953 2632 11.
972 2593 1107 2645 occursus

140 2665 282 2702 munerans
301 2665 440 2702 eurecrus
456 2651 514 2702 DV
562 2649 743 2714 archiloglius
759 2651 788 2699 V
853 2651 893 2698 12.
912 2647 1108 2698 tumetceumll

140 2722 181 2772 13.
201 2717 355 2783 conposuei
375 2719 401 2768 V
468 2717 646 2768 eschtnocum
664 2717 722 2767 uV
787 2717 828 2766 14.
846 2713 1058 2766 commereDV

141 2787 235 2852 spodio
255 2787 480 2845 &darmannum
503 2801 535 2835 ea
551 2799 649 2850 pomus
668 2781 714 2850 (es
731 2786 758 2834 in
775 2782 840 2846 rae.)
859 2783 892 2845 D,
918 2798 952 2833 ea
970 2782 1062 2846 potius
1084 2782 1111 2831 V

141 2857 181 2908 lt.
200 2868 328 2906 enecuere
345 2854 404 2903 DV
451 2866 584 2903 uumerus
602 2854 635 2913 D,
655 2867 723 2904 corr.
743 2855 768 2910 d,
787 2850 920 2902 numertie
937 2849 961 2898 V
1013 2854 1040 2900 et
1057 2849 1105 2898 im·

139 2923 240 2972 minuit
253 2936 366 2972 carmen
383 2921 448 2971 coni.
461 2922 638 2971 Luedmacnue
650 2927 754 2971 auclore
766 2921 914 2970 Hermanno
983 2917 1024 2967 16.
1044 2930 1108 2981 poe·

140 3004 219 3042 rtcee
237 2990 296 3039 DV
361 3001 482 3039 mentone
502 3002 606 3039 erano.-
624 2999 691 3037 rnna
708 2988 746 3049 D,
765 2986 873 3052 mellee·
894 2983 1053 3036 erescille
1075 2985 1107 3043 V,

138 3073 207 3110 corr.
222 3057 315 3108 Carrio
385 3057 482 3122 argine
498 3056 524 3106 V
591 3054 828 3107 innumeratis
894 3056 935 3107 19.
954 3067 1057 3107 ctorem
1073 3053 1106 3112 D,

140 3126 227 3175 libros
245 3125 304 3188 dV,
323 3140 392 3175 corr.
415 3124 589 3174 Luehmonmu
657 3122 757 3172 indidit
779 3123 843 3173 euni.
863 3122 1040 3172 Loedmunmce

140 3195 238 3242 omnino
257 3193 289 3242 de
305 3207 340 3242 ne.
355 3194 458 3242 13-19
476 3194 544 3256 conf.
565 3190 742 3240 &Hermaeum
759 3193 820 3255 epit.
839 3192 921 3242 doctr.
938 3195 1010 3240 metr.
1029 3189 1109 3249 §571

140 3260 183 3310 20,
201 3259 331 3321 Polyidus
349 3259 478 3326 Scaliper,
497 3257 601 3324 pondos
619 3259 675 3308 DV
723 3257 830 3323 Phyllis
848 3258 987 3318 Manutius,
1008 3267 1110 3304 nocete

141 3324 208 3382 DV‚·
226 3327 292 3375 oliae
307 3329 417 3378 uirorum
435 3329 565 3380 doctorum
582 3328 741 3377 coniecturas
759 3327 790 3376 de
809 3326 847 3375 dis
864 3326 1012 3374 musicorum
1029 3324 1107 3372 nomi·

141 3392 215 3442 nibus
225 3394 282 3442 cide
294 3397 364 3457 apud
374 3395 481 3445 Iohnnm
532 3397 572 3444 21.
586 3394 689 3458 peritia
704 3395 729 3444 V
739 3396 765 3443 in
777 3408 830 3446 rao.
881 3393 923 3440 22.
936 3393 1068 3455 protenus
1083 3389 1111 3438 V

212 3473 248 3509 en
260 3473 314 3509 non
330 3463 362 3525 V,
382 3477 453 3513 auso
466 3463 500 3526 D,
519 3477 610 3512 ennon
623 3463 648 3525 d,
667 3477 722 3512 non
734 3461 819 3511 codem
831 3459 951 3522 Maeotii,
967 3459 1037 3523 quod
1046 3471 1107 3522 pro·

142 3527 186 3579 bat
200 3526 340 3577 deliciosius
396 3532 437 3582 23.
452 3544 572 3580 nosrtcts
586 3529 641 3580 DV
695 3527 845 3579 inconditis
862 3527 888 3577 V
892 3524 909 3591 ¹,
926 3539 995 3578 cerr.
1009 3542 1039 3576 m.
1052 3540 1107 3576 rec.
