2558 4062
212 243 252 308 18
476 256 524 303 on
546 256 607 304 nnc
629 256 762 304 uarum
785 255 860 303 car.
877 255 909 302 Χ.
1264 278 1265 370 q

211 396 350 458 dantibus
371 396 502 475 pondera
524 395 671 464 mutabat,
704 402 733 456 et
754 393 913 455 identidem
936 395 1107 472 frequenter
1128 413 1184 457 ex·
1264 371 1265 442 l

212 488 315 562 pertus
330 487 481 560 postremo
497 480 693 557 deprehendit
709 486 779 540 tunc
791 478 863 539 duas
879 478 1005 539 chordas
1021 480 1184 540 concinere

211 567 240 626 id
263 565 342 644 quod
364 573 408 625 est
428 563 479 627 διὰ
494 562 671 641 τεττάρων;
694 581 760 624 cum
777 580 879 623 earum
899 563 1033 641 pondera
1054 565 1132 624 inter
1149 582 1183 624 so

212 649 314 712 collata
337 650 481 709 rationem
503 648 649 709 haherent
669 666 757 727 quam
778 649 835 708 tria
857 647 893 707 ad
915 654 1068 726 quattuor,
1090 664 1182 726 quem

214 734 387 813 phthongon
418 732 596 793 arithmetici
626 733 730 792 Graeci
760 732 900 808 epitriton
930 739 1050 800 vocant,
1081 732 1224 792 Latinis

177 831 194 880 9
212 820 432 898 supertertinm.
469 825 500 877 at
521 835 585 876 earn
608 816 803 894 symphorian
824 833 899 894 quae
920 813 972 878 διὰ
987 814 1083 878 πέντε
1106 816 1181 876 dici·
1266 864 1267 920 q

213 911 260 964 tur
286 902 327 963 ihi
353 902 463 961 invenit
488 900 539 961 ubi
561 900 727 978 ponderum
749 901 908 960 discrimen
935 901 964 958 in
987 899 1181 978 sesquialtera

211 988 363 1065 portione,
391 1003 480 1063 quam
503 984 561 1045 duo
578 984 687 1045 iaciunt
709 984 744 1044 ad
760 985 816 1044 tria
838 982 968 1053 conlata,
990 984 1068 1062 quod
1083 984 1193 1046 hemi.
1266 1001 1267 1008 ¹

212 1069 292 1130 olion
314 1066 470 1147 appellant.
513 1086 580 1129 cum
602 1075 699 1129 antem
715 1067 806 1128 ultera
824 1068 934 1129 chorda
957 1067 1046 1146 duplo
1067 1070 1181 1130 maiore

212 1153 346 1232 pondere
366 1171 454 1232 quam
471 1150 563 1213 altera
578 1152 750 1213 tenderetur
773 1160 803 1213 et
824 1159 901 1213 esset
923 1151 1065 1230 diplasion
1081 1152 1179 1231 lngus,
1205 1164 1242 1213 10

163 1251 196 1300 10
215 1237 267 1301 διὰ
282 1238 395 1300 πατῶν
412 1237 543 1298 sonabat.
574 1236 631 1297 hoc
647 1237 720 1297 etin
736 1236 815 1298 tibiis
830 1238 854 1296 si
870 1239 1041 1298 conveniret
1056 1246 1181 1316 tempta·
1267 1289 1268 1292 ,

214 1325 268 1390 rit,
290 1340 345 1382 nec
360 1320 439 1382 aliud
463 1323 581 1382 invenit.
619 1338 687 1382 nam
703 1327 844 1401 quattuor
861 1321 946 1381 tibias
960 1323 1026 1399 pari
1041 1339 1112 1381 cavo
1127 1341 1183 1400 pa·

212 1409 300 1477 ravit,
331 1408 449 1485 inpares
470 1405 665 1484 longitudine,
696 1407 821 1482 primam
842 1405 926 1465 verbi
953 1423 1040 1466 causa
1061 1406 1183 1484 longam

213 1491 320 1569 digitos
341 1509 406 1559 sex,
438 1489 598 1550 secundam
621 1491 706 1550 tertia
729 1497 813 1569 parte
835 1489 933 1550 addita
954 1489 984 1550 id
1007 1496 1050 1549 est
1074 1491 1182 1568 digito·

212 1592 279 1635 rum
308 1587 386 1643 vni,
416 1575 532 1634 tertiam
560 1573 718 1652 digitorum
745 1587 823 1632 vnn
849 1572 986 1652 sescuplo
1014 1572 1182 1652 longiorem
1203 1586 1239 1634 15
1268 1577 1269 1580 ’

213 1676 300 1738 quam
315 1661 457 1738 primam,
474 1665 609 1737 quartam
625 1677 694 1719 rero
710 1671 761 1716 xrt
778 1659 946 1736 digitorum,
962 1675 1038 1736 qnae
1053 1659 1181 1736 primam

162 1753 193 1801 11
212 1743 396 1821 longitudine
423 1741 598 1820 duplicaret.
643 1742 688 1802 his
719 1743 817 1820 itaque
845 1742 954 1803 inflatis
985 1751 1013 1802 et
1041 1742 1181 1804 hinorum
1269 1744 1270 1788 t

212 1827 289 1888 iacta
304 1825 507 1887 conlocatione
523 1827 654 1886 omnium
669 1827 850 1887 musicorum
867 1827 987 1887 auribus
1007 1826 1181 1905 adprobavit

212 1912 339 1990 primam
368 1916 397 1970 et
417 1911 577 1971 secundam
598 1910 725 1970 reddere
748 1929 812 1970 eam
836 1913 1069 1972 convenientiam
1090 1930 1180 1992 quam

212 1994 309 2056 reddit
331 1994 526 2056 diatessaron
542 1995 730 2073 symphonia,
752 1995 851 2074 ibique
868 2012 931 2056 esse
946 1997 1115 2074 portionem
1131 2015 1180 2058 su·
1198 2007 1236 2056 ao
1270 2039 1271 2074 q

211 2080 400 2159 pertertiam3
440 2080 517 2140 inter
538 2081 665 2157 primam
687 2097 757 2139 vero
785 2098 819 2140 ac
839 2081 957 2140 tertiam
980 2079 1097 2150 tibiam,
1129 2081 1182 2142 nbi

213 2162 347 2243 sescupla
374 2164 472 2241 portio
493 2170 551 2232 est,
582 2181 722 2224 resonare
744 2163 791 2224 dia
812 2171 915 2243 pente:
938 2166 1052 2241 primae
1081 2172 1180 2226 autem

213 2255 394 2328 quartaeque
419 2247 620 2317 intervallum,
651 2247 729 2327 quod
752 2247 841 2310 habet
862 2247 981 2327 duplam
1001 2251 1179 2328 portionem,

162 2343 194 2391 12
214 2332 354 2393 diastema
374 2331 474 2392 lacere
503 2332 549 2391 dia
570 2348 672 2409 pason.
717 2332 769 2392 sed
796 2333 874 2392 inter
894 2332 1033 2394 tibiarum
1054 2333 1180 2395 chorda·

212 2433 339 2494 rumque
364 2422 501 2476 naturam
527 2414 584 2474 hoc
611 2417 749 2487 interest,
780 2417 859 2496 quod
880 2416 969 2478 tibiae
994 2420 1179 2480 incremento
1198 2429 1235 2478 25

213 2601 415 2611 ..ι-...-

280 2714 537 2782 commaceratio
556 2719 581 2766 1)
604 2717 750 2783 dephendit
772 2719 799 2768 V
865 2718 963 2771 cordas
985 2721 1011 2771 V
1077 2725 1101 2773 3.
1122 2721 1180 2773 dia·

211 2789 339 2837 tessaron
360 2787 390 2836 V
453 2787 477 2838 ὅ.
496 2799 622 2851 pronqon
642 2787 677 2845 D,
700 2787 841 2852 pthongon
863 2788 889 2837 V
955 2789 1032 2852 greci
1054 2788 1089 2847 V,
1109 2805 1178 2840 corr.

210 2871 241 2903 m.
260 2869 313 2904 rec.
383 2849 526 2917 ἐπίτριτον
542 2856 614 2918 culpo
683 2854 707 2903 6.
727 2852 760 2905 ab
778 2853 836 2903 nV
900 2855 1090 2920 symphoniam
1112 2857 1140 2906 V

210 2920 341 2986 diapente
364 2920 392 2968 V
456 2924 480 2972 7.
497 2935 545 2971 um
561 2922 599 2985 D,
623 2921 666 2971 abi
684 2923 714 2983 d,
738 2921 769 2970 bi
790 2921 819 2970 V
832 2923 957 2972 additae
975 2939 991 2972 a
1008 2940 1039 2973 m.
1058 2939 1111 2978 rec.

212 2986 399 3051 sesquialtera
409 2988 537 3052 Secum,
551 3003 753 3054 sesqutpceraa
764 2990 802 3053 D,
817 2990 991 3054 sesquipetra
1006 2990 1034 3040 V
1081 2992 1105 3042 8.
1116 3007 1179 3056 pro·

211 3055 339 3120 portione
356 3058 428 3119 culpo
445 3057 487 3105 hic
504 3062 531 3104 et
546 3057 617 3119 infra
686 3057 872 3120 homunculi,
893 3058 1024 3108 emiolion
1046 3058 1078 3120 V,
1097 3056 1178 3120 ἡμιό-

213 3122 275 3173 λιον
285 3124 358 3186 victae
428 3124 468 3173 10.
481 3120 625 3188 otpcaaton
638 3138 724 3174 cocus
738 3125 798 3183 nV,
817 3122 970 3176 διπλατίων
984 3124 1068 3187 λόγοτ
1080 3125 1178 3176 taliaes

211 3190 346 3240 secundum
363 3188 519 3254 Scaliperum
588 3192 629 3240 11.
654 3191 805 3256 diapason
828 3191 855 3240 V
922 3193 963 3244 13.
986 3207 1083 3242 uenat*
1101 3192 1178 3256 (uen-

211 3271 255 3307 ars
274 3262 333 3308 ante
350 3255 415 3320 rao.)
435 3258 460 3307 D
530 3258 571 3309 18.
591 3258 749 3309 conlatione
772 3260 800 3308 V
813 3262 884 3324 culpo
954 3258 1126 3326 aopnonanrr
1143 3262 1177 3323 D,

211 3326 323 3378 coa-nd
392 3327 431 3376 19.
454 3337 545 3390 pmmo
567 3326 592 3374 D
660 3328 701 3376 20.
723 3325 909 3377 oteressanon
931 3328 997 3390 DV,
1021 3326 1066 3378 διὰ
1083 3326 1177 3378 τεττά-

210 3406 272 3456 ρων
293 3394 366 3457 oulpo
437 3392 597 3458 semphonta
618 3395 643 3443 D
717 3395 758 3443 22.
781 3396 922 3458 proportio
950 3394 976 3444 V
1042 3393 1177 3460 dispenso

209 3460 272 3520 DV,
291 3457 344 3577 διὲἒ1
351 3457 438 3510 πέντε
445 3463 527 3576 θνὶρο
596 3463 636 3513 24.
661 3459 797 3525 διάττημα
814 3461 910 3512 fecere
928 3460 972 3512 διὰ
989 3463 1089 3514 πατῶν
1106 3466 1177 3528 culpo

279 3540 326 3576 cor
346 3543 423 3593 eruq;
