2558 4062
204 224 245 290 14
448 238 496 285 nu
518 237 580 284 orn
601 236 733 284 nentur
756 235 832 284 cnr.
847 235 921 283 vnn

196 378 340 460 signifer,
357 395 445 458 quem
462 377 567 438 Graeci
581 383 687 437 vocant
701 374 858 444 zodiacon,
874 377 904 434 in
920 392 979 520 (po
995 373 1039 434 sol
1055 382 1084 436 et
1099 373 1181 435 luna

204 470 380 541 ceteraeque
400 459 502 523 stellae
523 479 613 539 vagae
636 460 780 521 teruntur.
818 459 866 520 hic
880 461 911 520 in
949 459 1083 521 uodecim
1100 476 1179 539 par·

204 556 248 610 tcs
267 546 388 608 totidem
410 548 500 625 signis
519 545 650 607 redditas
671 542 866 624 aequabiliter
887 543 994 606 divisus
1015 553 1068 606 est.
1101 561 1177 604 eum

204 630 249 692 sol
269 649 367 693 annuo
388 632 483 710 spatio
498 631 632 692 metitur:
656 631 696 689 ita
717 630 747 689 in
763 645 822 690 uno
838 646 955 707 quoqne
975 629 1058 707 signo
1075 628 1178 690 terme

203 733 295 779 unum
311 733 443 778 mensem
464 720 606 776 moratur.
638 714 689 776 scd
706 715 821 792 signum
838 711 991 792 quodlibet
1006 730 1072 773 cum
1090 719 1175 773 cete·
1199 723 1219 770 5

203 803 245 862 ris
267 800 391 878 singulis
411 799 500 861 habet
520 807 655 864 mutuum
677 803 883 876 conspectum,
906 804 1081 858 nontamen
1103 797 1174 856 uni·

204 885 330 946 tormen
352 903 419 946 curn
441 883 594 945 omnibus:
628 899 696 943 nam
718 881 875 943 validiores
896 880 959 952 alii,
990 881 1174 942 infirmiores

204 969 253 1031 alii
267 968 423 1030 habentur.
463 969 553 1046 igitur
569 985 627 1048 qno
643 975 778 1047 ternpore
793 973 896 1045 partus
918 967 1101 1044 concipitur,
1126 963 1174 1025 sol

204 1055 234 1114 in
254 1052 353 1131 aliquo
373 1055 457 1132 signo
478 1054 517 1113 sit
532 1069 654 1114 necesse
670 1060 714 1113 est
732 1059 762 1113 et
775 1051 805 1110 in
821 1049 918 1129 aliqua
938 1053 1001 1113 cius
1016 1049 1172 1129 particula,

171 1147 293 1216 oquem
316 1137 414 1200 locum
436 1137 638 1217 conceptionis
657 1137 778 1215 proprie
800 1133 957 1214 appellant.
987 1142 1056 1196 sunt
1071 1141 1172 1196 autem
1198 1144 1236 1192 10

204 1221 261 1283 hae
275 1221 437 1301 particulae
458 1223 488 1282 in
504 1239 696 1301 unoquoque
718 1222 802 1298 signo
818 1221 964 1289 tricenae,
987 1220 1077 1280 totius
1099 1235 1173 1280 vero

204 1307 316 1368 zodiaci
337 1324 461 1367 numero
483 1318 603 1367 ccccx.
641 1305 695 1366 has
710 1306 816 1366 Gracci
837 1322 956 1366 moeros
977 1305 1173 1381 cognomine-

205 1401 290 1460 runt,
314 1409 349 1451 eo
366 1388 501 1453 videlicet
516 1390 595 1469 quod
611 1389 681 1451 deas
697 1387 800 1450 letales
815 1396 988 1468 nuncupant
1002 1389 1119 1450 Moerus
1142 1395 1174 1449 et
1264 1431 1265 1478 p

206 1493 259 1536 eae
274 1473 436 1554 particulae
452 1473 538 1536 nohis
552 1473 632 1534 velut
646 1474 705 1534 fata
721 1482 805 1535 sunt:
828 1490 896 1534 narn
912 1491 969 1552 qna
984 1473 1172 1554 potissimum
1264 1501 1265 1542 r

172 1570 188 1618 6
206 1560 322 1621 oriente
336 1575 493 1620 nascamur
508 1558 668 1637 plurirpum
688 1558 790 1619 relert.
822 1557 867 1618 sol
883 1575 954 1636 ergo
970 1575 1037 1619 curn
1052 1559 1084 1618 in
1098 1575 1171 1637 pro·
1192 1569 1228 1616 15
1264 1625 1265 1642 χ

206 1645 318 1705 xinrum
333 1644 450 1722 signum
464 1642 665 1714 transcendit,
685 1642 785 1703 locunr
805 1641 888 1703 illum
904 1642 1106 1721 conceptionis
1121 1650 1174 1702 ant
1264 1653 1265 1700 l

205 1728 344 1790 inbecillo
364 1728 442 1789 videt
462 1735 624 1806 conspectu
644 1734 694 1788 aut
721 1729 807 1788 etiam
829 1744 885 1788 nec
906 1727 1063 1804 conspicit:
1102 1743 1173 1786 nam
1264 1723 1265 1744 ¹

205 1812 308 1892 plures
319 1813 515 1890 proximantia
525 1811 643 1873 sibimet
657 1811 741 1873 zodia
756 1813 880 1872 invicem
896 1829 927 1872 se
938 1811 1038 1872 videre
1050 1812 1172 1872 omnino
1264 1823 1265 1878 l

163 1925 166 1931 ·
206 1904 397 1976 negaverunt.
428 1902 457 1957 at
478 1913 545 1958 cum
566 1896 700 1957 intortio
723 1897 880 1974 estsigno,
902 1895 1172 1958 hocestnnome·
1264 1883 1265 1959 ἶ

206 1982 255 2044 dio
270 1982 458 2058 interposito,
480 1988 552 2042 tunc
567 1981 696 2060 primurn
716 1979 798 2042 illurn
813 1980 911 2041 locum
927 1980 1005 2042 unde
1020 1979 1174 2058 proiectus
1191 1992 1227 2040 20

207 2072 252 2128 est
266 2065 367 2127 videre
382 2065 502 2135 dicitur,
531 2066 583 2126 scd
601 2064 683 2127 valde
705 2064 825 2144 obliquo
848 2072 876 2126 et
896 2063 1022 2127 invalido
1043 2063 1171 2134 lumine;

207 2151 258 2230 qui
274 2157 450 2230 conspectus
464 2158 586 2212 vocatur
601 2149 681 2213 κατὰ
696 2148 872 2224 ἑξάγωνον,
889 2151 958 2230 qnia
974 2155 1087 2212 sextam
1102 2167 1171 2228 par·

206 2245 266 2298 tem
282 2233 386 2296 circuli
402 2234 562 2296 subtendit.
593 2237 718 2305 namsi,
742 2241 774 2295 nt
794 2234 923 2314 aprime
944 2233 1030 2295 nodio
1051 2233 1088 2294 ad
1110 2241 1170 2294 ter·

205 2321 297 2388 tium,
314 2320 356 2379 sic
371 2337 388 2380 a
403 2320 491 2379 tertio
507 2319 543 2379 ad
559 2320 703 2398 quintum,
719 2319 788 2380 inde
803 2336 893 2397 porro
909 2319 945 2379 ad
961 2320 1120 2399 septimum
1135 2335 1170 2379 ac

207 2402 348 2480 deinceps
371 2400 502 2463 alternae
516 2402 612 2463 lineae
634 2403 819 2474 emittantur,
846 2403 992 2482 hexagoni
1013 2401 1169 2482 aequilate·
1188 2415 1223 2464 25

174 2485 276 2548 tralls
301 2485 396 2546 forma
419 2487 450 2547 in
476 2486 580 2548 eodem
606 2485 718 2547 circulo
744 2487 902 2549 scribetur.
947 2488 1026 2548 huno
1052 2487 1169 2564 qnidam

207 2569 398 2651 conspectum
414 2588 474 2632 non
488 2587 700 2650 usquequaque
714 2580 907 2652 receperunt,
924 2572 1002 2652 quod
1018 2572 1169 2632 minimum

173 2656 243 2717 uad
265 2655 463 2718 maturitatem
483 2662 587 2735 partus
607 2655 761 2718 videbatur
785 2656 930 2718 conterre.
962 2674 1029 2717 curn
1049 2673 1119 2716 vero
1139 2656 1169 2715 in

276 2944 289 2991 l
308 2943 386 3006 greci
406 2942 433 2991 V
497 2946 523 2995 a.
546 2948 574 2994 et
595 2945 656 2994 cdd.
677 2943 799 2994 Custodiae
867 2944 908 2995 10.
925 2956 1062 3009 properae
1079 2942 1104 2992 D

207 3011 247 3060 12.
272 3020 381 3059 sument
398 3009 423 3057 I)
486 3010 562 3074 greci
583 3010 610 3059 V
670 3011 1062 3078 cognominarunt—moeros
1080 3009 1169 3062 om.V

208 3079 249 3129 1³.
272 3073 408 3141 quobeae
427 3077 452 3125 D
505 3078 562 3130 .14.
581 3077 635 3128 hoe
657 3079 683 3128 V
748 3078 848 3143 uenlur
870 3079 1003 3128 necneD
1025 3083 1085 3128 ante
1107 3093 1167 3139 rac,
1263 3095 1264 3148 l

205 3143 453 3206 uenatleereered
520 3158 575 3208 que
596 3144 662 3207 DV,
694 3146 795 3210 qnied
862 3147 904 3200 15.
927 3159 1088 3197 seeoaurue
1109 3145 1167 3206 DV,
1263 3163 1264 3180 ¹

206 3227 274 3262 corr.
289 3210 412 3262 Oauclrius
482 3213 522 3262 19.
542 3213 586 3262 est
602 3213 631 3260 in
648 3227 701 3264 uno
723 3213 750 3262 V
815 3215 856 3266 22.
874 3209 1003 3280 vocatur]
1023 3212 1126 3264 dicitur
1145 3212 1173 3262 V

206 3311 436 3365 uoraciurconon
454 3314 492 3376 D,
516 3274 718 3366 καταεξατωιιοκ
741 3313 767 3363 V
782 3313 807 3378 (ε
824 3315 886 3366 odd.
903 3329 934 3364 m.
953 3313 1018 3378 ree.)
1086 3315 1127 3364 23.
1144 3315 1167 3364 si

205 3386 237 3430 ut
256 3381 360 3440 Gamo,
384 3395 427 3432 tus
444 3381 482 3442 I),
506 3381 584 3432 cuiue
602 3383 621 3431 d
636 3381 664 3431 V
671 3381 768 3432 Iadnue
836 3382 878 3432 25.
897 3395 989 3432 nunno
1007 3382 1064 3432 DV
1079 3378 1167 3443 (ortum

207 3463 242 3499 eac
259 3448 366 3514 ceurae)
436 3460 635 3499 oerorrnanrun
652 3450 677 3499 D
747 3462 863 3515 exaconr
885 3462 1116 3513 oequrcuuenonro
1133 3449 1166 3508 D,

207 3517 361 3581 exagoniae
374 3515 421 3580 qui
432 3515 562 3566 lateratis
578 3517 607 3566 V
665 3517 708 3567 26.
722 3530 907 3568 scureoeerus
919 3517 979 3579 DV,
993 3531 1061 3570 corr.
1073 3515 1168 3566 loturae
