2558 4062
378 257 425 304 nn
449 255 665 304 premerem
687 256 761 304 cnr.
778 257 836 304 xx.
1048 242 1089 306 41

118 397 212 458 rudes
240 398 410 458 etiamtum
434 396 490 458 sibi
511 413 645 476 quaeque
666 394 846 467 statuebant,
877 404 936 456 tam
959 398 1038 458 inter
1059 417 1091 458 se

121 483 295 559 discrepent
316 499 404 560 quam
426 499 492 542 curn
515 479 566 542 iilo
583 480 710 541 naturali
731 498 789 541 non
812 482 995 558 congruant?
1019 485 1091 543 etin

121 568 256 646 Aegypto
273 566 392 644 quidem
408 566 643 645 antiquissimum
659 564 758 625 ierunt
778 583 889 625 annum
904 572 1091 627 menstruum

120 650 227 721 fuisse,
259 658 326 729 post
352 649 460 710 deinde
486 648 522 711 ab
549 650 636 711 lsone
662 667 733 726 rege
759 649 1027 729 quadrimenstrem
1048 651 1090 710 i·

87 743 218 806 ectum,
242 735 401 796 novissime
423 736 565 795 Arminon
588 734 624 795 ad
645 749 712 794 xm
732 751 851 795 menses
873 740 903 795 et
923 734 986 794 dies
1007 737 1091 814 quin·

121 837 181 898 que
203 818 388 898 perduxisse.
418 819 488 880 item
510 820 541 879 in
562 818 669 880 Achaia
690 819 819 880 Arcades
840 819 1018 879 trimestrem
1038 827 1126 879 an·5

93 909 95 912 ’
121 921 194 964 num
210 903 307 982 primo
328 902 468 964 habuisse
483 903 634 974 dicuntur,
658 910 687 966 et
702 903 740 963 ob
755 903 783 963 id
800 903 975 982 proseIenoe
991 903 1091 982 appel·

122 986 188 1058 lati,
219 1005 296 1056 non,
327 995 359 1048 ut
380 987 498 1066 quidam
518 994 637 1065 putant,
669 987 748 1065 quod
770 994 838 1048 ante
853 989 912 1048 sint
927 989 987 1047 nati
1002 1005 1090 1066 quam

121 1070 210 1133 lunae
231 1078 344 1132 astrum
365 1071 446 1132 caelo
468 1079 560 1142 esset,
584 1071 636 1132 sed
659 1071 737 1150 quod
759 1073 842 1150 prius
862 1071 1018 1132 habuerint
1039 1091 1091 1133 an·

72 1167 104 1216 10
123 1174 195 1216 num
218 1174 309 1232 quum
329 1157 354 1216 is
373 1159 404 1216 in
421 1155 545 1217 Graecia
559 1155 596 1216 ad
612 1155 699 1216 lunae
716 1173 836 1216 etrrsum
852 1158 1090 1218 constitueretur.

122 1247 192 1301 suut
217 1242 268 1320 qui
292 1241 414 1302 tradunt
438 1241 519 1301 hunc
544 1257 651 1301 annum
679 1241 857 1301 trimestrem
881 1240 983 1300 Horon
1008 1243 1126 1302 insti-tt

123 1325 230 1395 tuisse,
259 1343 352 1405 eoque
374 1344 426 1386 ver
447 1332 587 1386 aestatem
613 1334 787 1386 autumnum
808 1324 937 1385 hiemem
952 1324 1042 1385 horas
1063 1334 1092 1386 et

123 1425 233 1470 annum
249 1411 348 1472 buron
363 1408 435 1479 dici,
465 1415 494 1470 et
509 1410 639 1470 Graecos
659 1407 780 1469 annales
795 1408 900 1478 horus,
929 1426 1092 1489 eorumque

122 1495 286 1572 scriptores
307 1494 520 1572 borograpbos.
556 1495 653 1572 itaque
669 1501 806 1571 quattuor
823 1510 968 1554 annorum
984 1495 1091 1555 circui-

73 1587 106 1636 15
123 1585 186 1638 tum
211 1578 242 1638 in
268 1577 388 1638 modum
410 1578 622 1656 pentaeteridis
648 1594 757 1638 annum
783 1595 921 1655 magnum
945 1577 1090 1639 dicebant.

124 1662 213 1724 Cares
239 1669 337 1723 autern
365 1670 394 1722 et
415 1661 584 1722 Acarnanes
610 1669 789 1722 semenstres
810 1659 979 1722 habuerunt
999 1668 1126 1722 annost

124 1752 154 1807 et
168 1748 245 1807 inter
260 1763 293 1806 se
309 1746 479 1815 dissimiles,
501 1745 608 1825 quibus
623 1744 743 1806 alternis
758 1746 821 1807 dies
836 1753 1029 1824 augescerent
1044 1753 1094 1807 aut

123 1841 328 1902 senescerent,
361 1848 471 1909 eosque
498 1831 672 1892 coniunctos
698 1830 777 1891 velut
802 1831 955 1892 trieterida
982 1847 1091 1892 annum

123 1931 274 1992 magnum.

72 2007 108 2056 20
191 1999 249 2060 Sed
273 2006 306 2060 ut
332 1999 387 2060 hos
413 2017 506 2060 annos
533 2000 664 2060 omittam
692 1998 816 2077 caligine
842 2000 898 2059 iam
925 1998 1090 2078 profundae
1103 1998 1144 2060 20

126 2084 279 2143 vetustatis
300 2082 459 2154 obductos,
486 2085 518 2143 in
539 2083 585 2143 his
606 2100 738 2161 quoque,
766 2084 815 2159 qui
831 2090 900 2142 sunt
920 2084 1093 2144 recentioris

126 2169 288 2228 memoriae
308 2175 338 2229 et
358 2168 394 2228 ad
419 2185 540 2228 cursum
561 2166 649 2228 lunae
670 2165 717 2226 vel
732 2164 801 2226 solis
822 2167 961 2235 instituti,
985 2173 1092 2246 quanta

126 2253 164 2312 sit
183 2254 309 2314 varietas
340 2251 424 2313 facile
452 2259 497 2312 est
518 2269 712 2329 cognoscere,
743 2253 768 2310 si
790 2251 856 2327 quis
878 2249 922 2312 vei
951 2251 980 2309 in
1006 2251 1093 2312 unius

124 2335 226 2397 ltaliae
242 2335 388 2412 gentibue,
405 2354 443 2412 ne
460 2337 553 2397 dicam
570 2335 744 2415 peregrinis,
763 2334 829 2395 velit
843 2336 1003 2414 inquirere.
1025 2352 1093 2396 narn

195 2660 219 2707 1.
243 2669 296 2707 tam
319 2657 344 2706 D
414 2657 438 2706 2.
462 2659 635 2721 congregent
661 2656 696 2715 V,
719 2671 787 2708 corr.
811 2657 877 2704 m.2
900 2657 925 2704 io
947 2670 1026 2719 marp.

126 2727 151 2775 3.
170 2729 339 2774 menstruum
357 2725 423 2776 coni.
443 2723 552 2782 labeus,
577 2736 729 2774 meusrnem
754 2725 808 2784 (em
826 2725 852 2771 in
869 2737 922 2774 ras.
942 2725 1016 2771 trium
1034 2721 1094 2784 titt.)

125 2791 163 2848 D,
185 2792 364 2843 bimenstrem
387 2791 424 2854 V,
447 2792 607 2842 bimestrem
631 2793 702 2854 otttpo
771 2790 795 2842 5.
821 2800 984 2840 senissimae
1002 2789 1027 2837 J)

125 2873 183 2909 1111
201 2875 215 2906 a
232 2860 271 2920 D,
299 2873 367 2908 xm·
391 2859 416 2908 V
482 2859 507 2912 6.
529 2859 558 2907 in
582 2857 675 2906 adieie
700 2857 728 2906 V
792 2857 977 2906 trimenstrem
1003 2855 1032 2904 V

128 2927 152 2976 i.
170 2941 353 2991 proseneuau
370 2927 404 2988 D,
423 2941 503 2990 prose
522 2925 613 2992 lenum
635 2924 663 2972 V
728 2937 934 2990 eppencarteur
947 2924 980 2984 D,
1000 2923 1095 2988 appel·

128 2993 171 3044 lat
188 2993 217 3042 id
235 2998 266 3042 ut
283 2995 311 3052 d,
337 2993 487 3058 appellent·
510 2992 542 3044 Id
560 2996 590 3042 ut
612 2991 638 3040 V
704 2994 729 3042 9.
754 2991 833 3042 coelo
855 2991 881 3040 V
948 2993 989 3041 10.
1013 3006 1096 3055 quem

127 3076 174 3114 om.
196 3061 252 3111 DV
299 3059 343 3112 his
364 3061 390 3110 V
440 3073 718 3110 cousrrrueeaeurue
735 3060 774 3122 D,
794 3059 1027 3110 constituerentur
1045 3059 1098 3109 dV

129 3129 169 3178 11.
188 3129 375 3179 trimenstrem
397 3127 423 3177 V
491 3129 530 3177 12.
553 3127 636 3177 horus
654 3127 721 3187 DV,
748 3125 823 3190 cepoe
840 3129 912 3193 eulpa
984 3130 1024 3178 13.
1047 3126 1094 3177 bo-

128 3209 179 3245 ron
196 3211 243 3247 orn.
263 3196 324 3260 DV,
344 3193 420 3259 ὧρον
438 3198 511 3260 culpo
580 3209 677 3260 grecos
699 3195 733 3258 V,
751 3211 822 3245 corr.
840 3212 871 3245 m.
889 3210 942 3245 rec.
1011 3193 1096 3244 horus

128 3263 195 3322 DV,
220 3261 311 3326 ὥρους
333 3269 405 3328 outpo
474 3276 580 3326 eorum,
604 3265 694 3314 omisso
718 3276 784 3326 que,
812 3262 840 3311 V
905 3263 947 3311 14.
971 3273 1095 3310 suasero·

129 3343 179 3380 nes
197 3330 223 3379 D
287 3327 473 3394 ὼρογράφουε
491 3333 562 3395 culpo
631 3345 756 3382 etacurru
773 3330 832 3379 DV
897 3330 936 3378 15.
955 3327 1094 3393 percrebe-

129 3395 235 3448 uestbts
247 3397 305 3447 DV
370 3401 411 3450 te.
424 3401 580 3449 semesrnes
592 3397 616 3447 D
687 3400 726 3448 li.
741 3401 769 3447 et
781 3411 881 3447 erasum
892 3397 919 3446 in
931 3396 968 3453 D,
981 3395 1057 3444 itabat
1072 3394 1097 3444 V

130 3464 399 3518 18.rerhereetbeD
468 3468 509 3516 20.
527 3468 640 3515 omitem
656 3464 683 3513 V
732 3463 920 3529 nazaraeno
989 3464 1030 3516 21.
1049 3477 1095 3512 ue·

129 3547 268 3584 curreres
286 3533 320 3594 D,
338 3548 406 3586 corr.
426 3534 445 3582 d
511 3546 695 3583 eecenrtoses
713 3532 738 3580 D
