2558 4062
527 255 737 306 PRAEFATIO.
1062 257 1115 306 VII

142 415 222 459 nam
248 391 492 458 incurrentibus
520 401 619 458 antea
645 394 802 478 scriptum
824 393 883 475 sit,
920 415 986 459 non
1006 393 1115 480 potuit

141 503 239 591 quasi
260 503 368 567 maius
397 500 555 588 quiddam
577 502 775 587 subiungere
798 501 995 569 Censorinus
1025 512 1113 582 atque

140 617 189 677 od
215 617 314 678 decies
340 622 475 693 septenos
501 631 596 678 annos
624 612 754 697 (utam)
784 631 873 693 posse
898 649 940 660 —
960 615 1111 692 proferri.
1173 641 1175 646 ,

144 722 248 787 Immo
276 722 380 788 verba
408 741 486 801 quoe
513 727 573 787 duo
599 721 729 787 initium
756 721 906 788 lecerunt
932 724 1115 788 sententiae

141 833 283 898 alicuius
304 852 391 896 nunc
413 839 597 913 truncatae,
621 853 686 918 qua
708 833 849 918 scriptor
869 834 1011 919 primum
1033 832 1113 898 Sta-

139 963 220 1006 seae
241 949 274 1006 et
293 941 507 1007 Etruscorum
527 939 651 1028 placita
673 940 713 1006 de
735 939 907 1006 duodecim
929 941 1114 1008 hebdoma-

142 1052 223 1116 dum
245 1051 350 1138 spatio
373 1050 519 1116 breviter
540 1049 789 1138 comprehendit
810 1061 843 1118 et
865 1052 906 1116 de
927 1050 977 1116 his
1000 1053 1112 1118 nescio

140 1160 223 1248 quid
246 1160 376 1242 adiecit,
398 1159 588 1226 tumeliam
611 1160 776 1247 quandam
797 1161 982 1248 opinionem
1003 1169 1113 1248 protu-

143 1270 196 1353 lit,
220 1293 264 1335 ex
286 1291 350 1356 qua
370 1270 506 1336 brevius
528 1271 628 1336 etiam
643 1270 786 1355 spatium
808 1269 1043 1340 concederetur
1064 1273 1113 1336 vi-

140 1390 197 1445 tae
226 1378 404 1464 humanae3
442 1389 554 1446 tamem
582 1385 714 1445 homines
739 1389 866 1445 oetatem
893 1399 978 1445 suom
1012 1380 1112 1465 (haec

139 1491 230 1554 enim
252 1489 322 1554 fere
344 1497 492 1555 extrema
512 1491 547 1555 in
569 1487 686 1555 lacuna
708 1490 922 1576 exciderunt)
951 1494 995 1553 od
1015 1495 1113 1555 demes

141 1609 277 1680 septenos
303 1619 398 1664 annos
421 1619 511 1680 posse
536 1635 580 1648 -
602 1601 757 1680 proferre.
802 1599 978 1665 Praeterea
1007 1600 1113 1667 obiter

139 1728 359 1776 commemoro
380 1711 415 1774 in
429 1709 518 1776 Livii
537 1706 608 1800 loco
631 1729 726 1796 quem
742 1707 941 1775 Censorinus
957 1725 1112 1796 cavan

142 1819 255 1901 affert,
280 1820 309 1883 si
325 1820 387 1886 sub
402 1818 502 1883 finem
524 1817 570 1905 (p.
585 1819 638 1901 33,
655 1818 689 1904 8)
712 1828 787 1905 post
808 1825 924 1884 saeculi
943 1818 1110 1885 addideris

143 1933 262 1994 modom
286 1927 373 2013 (coll.
389 1928 487 2014 p.32,
506 1928 556 1993 19.
580 1928 697 2010 32,1),
719 1929 805 1993 hanc
827 1929 1007 1994 orationem
1028 1926 1111 1995 obli-

142 2059 240 2125 quam
263 2057 330 2102 non
352 2037 493 2103 alienam
507 2036 615 2103 videri
637 2037 805 2123 areliquis
825 2033 909 2125 quae
931 2037 1111 2103 intercide-

144 2148 221 2213 rint.
266 2145 368 2212 Ouius
389 2147 454 2212 loci
477 2145 691 2212 similitudine
714 2147 911 2233 paulopost
935 2145 982 2232 (p.
998 2147 1055 2228 35,
1073 2147 1109 2232 2)

138 2257 252 2322 nescio
274 2277 317 2322 an
340 2255 552 2322 scribendum
574 2257 618 2321 sit
639 2263 667 2321 st
680 2262 745 2336 quis
761 2261 859 2322 credit
872 2259 952 2320 lodis
972 2263 1109 2321 saeculo-

139 2372 226 2432 rs'lms
247 2373 371 2431 soeculo
393 2373 601 2430 terminari.

207 2475 414 2542 Contrariam
441 2474 585 2541 hiatibus
614 2458 795 2561 scripturae
822 2474 944 2556 labem,
981 2473 1113 2560 glosse-

143 2593 233 2651 mata
254 2585 327 2651 dico
349 2584 392 2650 ab
414 2583 704 2670 interpolatoribus
727 2584 900 2668 inculcata,
923 2586 982 2651 vix
1002 2584 1111 2648 minus

140 2717 242 2781 saepe
263 2702 378 2760 notare
399 2693 506 2768 debui,
530 2715 570 2759 ac
591 2694 784 2780 saepissime
805 2693 938 2778 quidem
959 2694 995 2757 in
1016 2694 1113 2777 frag·
1184 2751 1188 2758 .

143 2812 263 2870 mento.
307 2803 354 2869 Ut
368 2826 401 2890 p.
416 2803 456 2868 57
460 2851 469 2886 ,
486 2803 528 2869 10
547 2803 651 2870 verba
672 2814 702 2868 et
714 2809 824 2884 poploe
845 2805 980 2880 anosoru
1002 2806 1112 2868 dican-

139 2925 193 2978 tar
219 2933 285 2980 non
306 2921 376 2978 tam
397 2920 571 2999 propterea
599 2911 732 2995 seclusi,
770 2912 858 2998 quod
880 2913 1028 2999 intellegi
1049 2933 1113 2977 ne-

141 3024 289 3110 quirent,
326 3022 386 3086 sed
418 3022 496 3108 quia
528 3021 620 3088 illum
635 3024 704 3108 qui
737 3045 775 3088 ea
802 3023 936 3110 scripsit
967 3021 1111 3089 voluisse

142 3143 293 3220 putarem
315 3143 344 3196 et
357 3138 473 3213 populo
493 3137 672 3213 oenophoro
694 3136 851 3214 dicontur,
874 3132 1033 3198 eiusmodi
1056 3153 1112 3197 au-

141 3251 210 3308 tem
243 3243 327 3307 mira
354 3242 517 3308 sententia
542 3263 609 3308 non
635 3242 810 3309 tribuenda
843 3263 915 3308 esse
942 3241 1112 3308 videretur

142 3351 209 3438 ipsi
230 3349 436 3438 compilatori
450 3351 636 3438 fragmenti.
674 3351 741 3418 Sed
763 3351 908 3418 notanda
930 3357 1035 3414 estet
1056 3371 1112 3435 ap-

142 3459 277 3548 pellatio
304 3481 388 3548 quae
410 3460 472 3527 hoc
498 3459 569 3529 loco
592 3462 693 3546 signis
722 3460 848 3528 zodiaci
876 3458 1057 3545 imponitur
1079 3465 1112 3522 et
