2558 4062
519 255 729 304 PRAEFATIO.
1065 257 1105 304 lx

130 396 198 460 bus
222 391 324 458 multa
339 412 398 457 suo
420 391 557 458 arbitrio
580 392 774 472 variavisse,
797 401 941 458 atcerte
964 414 1001 458 eo
1015 413 1107 478 pau-

136 504 231 572 ciora
252 524 316 589 quo
338 502 537 568 vetustiores
560 510 637 566 sunt
657 501 735 568 libri
755 523 854 566 manu
881 503 1007 587 scripti.
1051 503 1108 567 Ita

133 637 209 679 eum
235 615 299 678 hac
325 612 425 677 etiam
451 612 488 675 in
514 633 550 676 re
578 611 757 676 secundum
784 611 1015 697 antiquissima
1040 633 1106 677 ve-

137 723 238 808 stigia
259 721 431 788 Censorini
452 720 572 787 librum
595 720 769 802 ediderim,
797 721 930 785 minime
952 721 1105 806 equidem

137 833 298 898 affirmem
324 834 359 896 in
387 831 541 922 omnibus
563 854 616 896 me
644 832 748 918 ipsius
776 831 944 917 scriptoris
972 853 1106 896 manum

136 950 419 1029 repraesentasse3
447 940 509 1006 hoc
531 951 643 1006 temen
663 940 761 1006 facile
782 962 971 1006 concessum
992 940 1032 1004 iri
1054 962 1105 1005 ar-

137 1052 259 1132 bitror,
296 1049 420 1116 nullam
453 1047 551 1116 aliam
577 1050 738 1117 rationem
770 1051 912 1118 inveniri
945 1051 1105 1136 potuisse,

137 1183 203 1248 qua
225 1161 360 1247 propius
382 1161 425 1226 ad
445 1182 559 1225 verum
582 1160 802 1226 accederetur.
846 1158 1019 1226 Nonnullis
1041 1182 1109 1224 au-

137 1283 203 1338 tem
231 1269 311 1335 locis
338 1270 412 1355 ipsa
440 1269 561 1336 codicis
592 1270 712 1335 menda
738 1269 858 1334 indicio
880 1269 1014 1334 fuerunt
1041 1270 1109 1334 alia

138 1381 215 1448 olim
237 1381 360 1464 scripta
373 1379 487 1444 fuisse.-
531 1377 632 1445 Velut
653 1402 684 1466 p.
700 1373 754 1460 44,
770 1378 810 1445 27
833 1389 922 1445 recte
943 1381 979 1444 in
994 1379 1108 1444 codice

139 1500 271 1557 exstare
286 1487 419 1554 videtur
433 1509 536 1566 annos,
559 1488 648 1574 quod
662 1510 857 1574 suspensum
873 1489 937 1554 fuit
959 1511 1001 1552 ex
1022 1508 1109 1553 oom-

137 1610 285 1680 pararunt
312 1597 365 1664 vel
393 1596 491 1662 simili
519 1597 664 1683 quodam
691 1597 792 1664 verbo
814 1621 900 1664 nune
926 1600 963 1663 in
984 1598 1108 1663 maiore

138 1709 257 1775 lacuna
279 1707 416 1790 omiss03
439 1709 505 1770 iarn
527 1729 601 1772 cum
615 1707 692 1772 huie
715 1709 901 1774 accusativo
923 1707 975 1773 bis
997 1708 1031 1770 in
1046 1729 1110 1773 co-

141 1820 214 1884 dice
237 1819 424 1905 appositum
446 1817 490 1881 sit
511 1821 717 1898 quadripeno',
738 1817 886 1882 ¹dubitari
907 1817 967 1882 vix
988 1825 1108 1902 potest,

141 1931 220 2015 quin
241 1938 379 2014 utroque
407 1926 478 1993 loco
501 1941 586 1991 cccc
614 1927 778 1994 invenerit
804 1924 958 1992 librarius
986 1948 1109 2013 easque

140 2049 234 2106 notas
256 2037 406 2123 imperite
427 2037 463 2100 in
477 2035 605 2101 litteras
627 2035 881 2121 transcripserit.
915 2035 1044 2100 Eadem
1066 2035 1110 2100 de

144 2170 243 2214 eausa
265 2170 298 2234 p.
313 2147 365 2227 37,
382 2147 417 2228 7,
439 2145 499 2210 ubi
516 2150 649 2224 primum
672 2145 778 2208 estin
799 2142 925 2224 codiee,
949 2144 1109 2208 emenda·-

142 2269 195 2324 tae
217 2255 317 2342 vulgo
345 2257 528 2342 scripturae
550 2273 641 2320 unum
666 2253 807 2339 praetuli
828 2263 939 2318 notam
961 2271 990 2334 1,
1025 2275 1110 2338 quae

141 2367 205 2432 nisi
240 2365 318 2432 olim
345 2364 453 2430 locum
481 2365 692 2445 obtinuisset,
729 2385 795 2449 qua
822 2362 955 2428 tandem
980 2364 1110 2428 ratione

143 2475 225 2542 illud
251 2474 443 2540 mendosum
471 2481 606 2552 primum
634 2473 712 2537 oriri
738 2473 865 2558 potuit?
903 2457 1111 2559 Quamquam

142 2607 208 2650 non
236 2606 287 2648 me
312 2584 400 2668 fugit
427 2581 567 2667 relinqui
594 2594 632 2648 ut
658 2581 720 2649 hoc
748 2590 927 2663 statuatur,
964 2582 1007 2647 ab
1033 2583 1110 2668 ipso

144 2695 303 2781 scriptore
330 2693 472 2778 positum
494 2714 566 2757 esse
593 2711 699 2766 unum,
726 2690 824 2776 idque
846 2701 963 2775 postea
988 2691 1023 2755 in
1044 2712 1110 2755 no-

143 2817 211 2872 tam
227 2811 410 2884 mutatum,
434 2800 574 2888 denique
595 2823 613 2864 e
634 2809 714 2866 nota
729 2806 863 2879 primum
877 2798 1004 2864 factum
1027 2821 1111 2864 esse.

145 2914 210 2980 Sed
232 2935 273 2978 ne
294 2912 331 2976 in
352 2911 507 2977 minutias
531 2910 694 2990 aberrem,
717 2908 799 2974 nihil
821 2908 885 2974 nisi
905 2909 992 2974 inre
1014 2908 1109 2974 dubi-

143 3024 277 3090 tationis
300 3019 398 3108 plena
419 3019 674 3108 probabiliorem
696 3020 856 3086 rationem
878 3018 1031 3104 amplecti
1053 3042 1112 3085 vo·

144 3133 207 3215 lui,
246 3153 320 3197 cum
346 3132 452 3217 ipsam
480 3151 593 3196 veram
619 3130 767 3197 invenire
794 3151 859 3194 non
885 3126 1007 3194 liceret.
1057 3129 1114 3193 De

145 3243 282 3308 Graecis
294 3240 462 3307 vocabulis
477 3261 578 3305 unum
593 3238 656 3305 hoc
671 3221 765 3316 addo,
781 3221 995 3304 Censorinum
1009 3235 1112 3301 multo

144 3350 240 3437 plura
261 3351 379 3416 Latine
400 3372 499 3435 quam
522 3348 648 3414 Graece
670 3349 839 3433 scripsisse
860 3345 982 3426 videri,
1006 3344 1114 3430 siqui-

145 3461 219 3526 dem
240 3471 329 3526 recte
344 3459 467 3524 Iahnus
491 3459 625 3524 dimidio
647 3459 717 3524 fere
738 3457 845 3521 rarius
868 3475 965 3539 quam
986 3454 1114 3540 priores
