<?xml version="1.0" encoding="UTF-8"?>
<!DOCTYPE html PUBLIC "-//W3C//DTD XHTML 1.0 Transitional//EN"
    "http://www.w3.org/TR/xhtml1/DTD/xhtml1-transitional.dtd">
<html xmlns="http://www.w3.org/1999/xhtml" xml:lang="en" lang="en">
 <head>
  <title>
</title>
<meta http-equiv="Content-Type" content="text/html;charset=utf-8" />
  <meta name='ocr-system' content='tesseract 3.04.00' />
  <meta name='ocr-capabilities' content='ocr_page ocr_carea ocr_par ocr_line ocrx_word'/>
</head>
<body>
  <div class='ocr_page' id='page_1' title='image "./censorinidedien01censgoog_0083.png"; bbox 0 0 2588 4066; ppageno 0'>
   <div class='ocr_carea' id='block_1_1' title="bbox 189 231 878 296">
    <p class='ocr_par' dir='ltr' id='par_1_1' title="bbox 189 231 878 296">
     <span class='ocr_line' id='line_1_1' title="bbox 189 231 878 296; baseline -0.009 0"><span class='ocrx_word' id='word_1_1' title='bbox 189 231 232 296; x_wconf 86' lang='grc'><strong>64</strong></span> <span class='ocrx_word' id='word_1_2' title='bbox 461 244 665 292; x_wconf 72' lang='lat' dir='ltr'><strong>rasennam</strong></span> <span class='ocrx_word' id='word_1_3' title='bbox 689 242 764 291; x_wconf 78' lang='lat' dir='ltr'><strong>cnr.</strong></span> <span class='ocrx_word' id='word_1_4' title='bbox 781 245 815 290; x_wconf 82' lang='lat' dir='ltr'><strong>x.</strong></span> <span class='ocrx_word' id='word_1_5' title='bbox 831 243 878 291; x_wconf 89' lang='lat' dir='ltr'><strong>x1.</strong></span> 
     </span>
    </p>
   </div>
   <div class='ocr_carea' id='block_1_2' title="bbox 190 377 1161 550">
    <p class='ocr_par' dir='ltr' id='par_1_2' title="bbox 190 377 1161 550">
     <span class='ocr_line' id='line_1_2' title="bbox 190 377 1161 466; baseline -0.008 -19"><span class='ocrx_word' id='word_1_6' title='bbox 190 392 315 466; x_wconf 75' lang='lat' dir='ltr'>postque</span> <span class='ocrx_word' id='word_1_7' title='bbox 338 386 393 446; x_wconf 89' lang='lat' dir='ltr'><strong>hos</strong></span> <span class='ocrx_word' id='word_1_8' title='bbox 414 384 530 464; x_wconf 88' lang='lat' dir='ltr'><strong>poetica</strong></span> <span class='ocrx_word' id='word_1_9' title='bbox 550 383 641 444; x_wconf 80' lang='lat' dir='ltr'><strong>valuit</strong></span> <span class='ocrx_word' id='word_1_10' title='bbox 662 380 752 443; x_wconf 82' lang='lat' dir='ltr'><strong>veluti</strong></span> <span class='ocrx_word' id='word_1_11' title='bbox 770 380 899 460; x_wconf 79' lang='lat' dir='ltr'><strong>legitima</strong></span> <span class='ocrx_word' id='word_1_12' title='bbox 922 377 1161 460; x_wconf 71' lang='lat' dir='ltr'><strong>[musicalicen-</strong></span> 
     </span>
     <span class='ocr_line' id='line_1_3' title="bbox 190 466 603 550; baseline -0.005 -20"><span class='ocrx_word' id='word_1_13' title='bbox 190 468 263 550; x_wconf 89' lang='lat' dir='ltr'><strong>tior]</strong></span> <span class='ocrx_word' id='word_1_14' title='bbox 280 468 432 549; x_wconf 82' lang='lat' dir='ltr'>magisque</span> <span class='ocrx_word' id='word_1_15' title='bbox 446 466 603 530; x_wconf 88' lang='lat' dir='ltr'><strong>modulata.</strong></span> 
     </span>
    </p>
   </div>
   <div class='ocr_carea' id='block_1_3' title="bbox 141 667 877 730">
    <p class='ocr_par' dir='ltr' id='par_1_3' title="bbox 141 667 877 730">
     <span class='ocr_line' id='line_1_4' title="bbox 141 667 877 730; baseline -0.016 -2"><span class='ocrx_word' id='word_1_16' title='bbox 141 670 179 730; x_wconf 82' lang='lat'><strong>10</strong></span> <span class='ocrx_word' id='word_1_17' title='bbox 441 667 457 692; x_wconf 64' lang='lat'>⁸</span> <span class='ocrx_word' id='word_1_18' title='bbox 469 671 519 721; x_wconf 86' lang='lat' dir='ltr'><strong>DE</strong></span> <span class='ocrx_word' id='word_1_19' title='bbox 538 667 682 720; x_wconf 83' lang='lat' dir='ltr'>NOMINE</span> <span class='ocrx_word' id='word_1_20' title='bbox 700 667 877 718; x_wconf 83' lang='lat' dir='ltr'>RHYTHMI.</span> 
     </span>
    </p>
   </div>
   <div class='ocr_carea' id='block_1_4' title="bbox 193 798 1197 1289">
    <p class='ocr_par' dir='ltr' id='par_1_4' title="bbox 193 798 1197 1289">
     <span class='ocr_line' id='line_1_5' title="bbox 256 798 1162 886; baseline -0.009 -19"><span class='ocrx_word' id='word_1_21' title='bbox 256 806 422 886; x_wconf 76' lang='lat' dir='ltr'><strong>llhythmus</strong></span> <span class='ocrx_word' id='word_1_22' title='bbox 445 805 576 866; x_wconf 88' lang='lat' dir='ltr'><strong>creditur</strong></span> <span class='ocrx_word' id='word_1_23' title='bbox 603 803 700 863; x_wconf 91' lang='lat' dir='ltr'><strong>dictus</strong></span> <span class='ocrx_word' id='word_1_24' title='bbox 724 822 741 863; x_wconf 92' lang='lat' dir='ltr'><strong>a</strong></span> <span class='ocrx_word' id='word_1_25' title='bbox 761 801 939 881; x_wconf 78' lang='lat' dir='ltr'><strong>llythmonio</strong></span> <span class='ocrx_word' id='word_1_26' title='bbox 961 800 1084 878; x_wconf 75' lang='lat' dir='ltr'><strong>Orphei,</strong></span> <span class='ocrx_word' id='word_1_27' title='bbox 1099 798 1162 860; x_wconf 87' lang='lat' dir='ltr'><strong>lilio</strong></span> 
     </span>
     <span class='ocr_line' id='line_1_6' title="bbox 193 885 1197 969; baseline -0.007 -17"><span class='ocrx_word' id='word_1_28' title='bbox 193 899 223 952; x_wconf 92' lang='lat' dir='ltr'><strong>et</strong></span> <span class='ocrx_word' id='word_1_29' title='bbox 247 890 405 952; x_wconf 90' lang='lat' dir='ltr'><strong>ldomenae</strong></span> <span class='ocrx_word' id='word_1_30' title='bbox 433 889 579 969; x_wconf 80' lang='lat' dir='ltr'>nymphae</span> <span class='ocrx_word' id='word_1_31' title='bbox 605 888 778 955; x_wconf 89' lang='lat' dir='ltr'><strong>lsmaricae,</strong></span> <span class='ocrx_word' id='word_1_32' title='bbox 815 893 848 946; x_wconf 89' lang='lat' dir='ltr'><strong>ut</strong></span> <span class='ocrx_word' id='word_1_33' title='bbox 874 885 964 946; x_wconf 80' lang='lat' dir='ltr'><strong>tradit</strong></span> <span class='ocrx_word' id='word_1_34' title='bbox 989 885 1197 946; x_wconf 84' lang='lat' dir='ltr'><strong>Nicocrates5</strong></span> 
     </span>
     <span class='ocr_line' id='line_1_7' title="bbox 193 968 1164 1052; baseline -0.007 -17"><span class='ocrx_word' id='word_1_35' title='bbox 193 974 270 1036; x_wconf 90' lang='lat' dir='ltr'><strong>libro</strong></span> <span class='ocrx_word' id='word_1_36' title='bbox 286 991 374 1052; x_wconf 92' lang='lat' dir='ltr'><strong>quem</strong></span> <span class='ocrx_word' id='word_1_37' title='bbox 391 975 547 1052; x_wconf 82' lang='lat' dir='ltr'>conposuit</span> <span class='ocrx_word' id='word_1_38' title='bbox 562 972 598 1032; x_wconf 92' lang='lat' dir='ltr'><strong>de</strong></span> <span class='ocrx_word' id='word_1_39' title='bbox 614 970 740 1034; x_wconf 72' lang='lat' dir='ltr'><strong>tunsio.</strong></span> <span class='ocrx_word' id='word_1_40' title='bbox 772 968 887 1032; x_wconf 71' lang='lat' dir='ltr'><strong>llratre</strong></span> <span class='ocrx_word' id='word_1_41' title='bbox 898 969 1058 1048; x_wconf 82' lang='lat' dir='ltr'><strong>Rythmoui</strong></span> <span class='ocrx_word' id='word_1_42' title='bbox 1073 969 1164 1030; x_wconf 77' lang='lat' dir='ltr'><strong>tradit</strong></span> 
     </span>
     <span class='ocr_line' id='line_1_8' title="bbox 193 1052 1164 1138; baseline -0.006 -19"><span class='ocrx_word' id='word_1_43' title='bbox 193 1060 336 1138; x_wconf 84' lang='lat' dir='ltr'><strong>Hymene,</strong></span> <span class='ocrx_word' id='word_1_44' title='bbox 352 1058 513 1118; x_wconf 84' lang='lat' dir='ltr'><strong>Verritonis</strong></span> <span class='ocrx_word' id='word_1_45' title='bbox 529 1063 626 1117; x_wconf 87' lang='lat' dir='ltr'><strong>autem</strong></span> <span class='ocrx_word' id='word_1_46' title='bbox 643 1065 671 1117; x_wconf 91' lang='lat' dir='ltr'><strong>et</strong></span> <span class='ocrx_word' id='word_1_47' title='bbox 687 1053 831 1117; x_wconf 84' lang='lat' dir='ltr'><strong>Coloridis</strong></span> <span class='ocrx_word' id='word_1_48' title='bbox 846 1053 969 1116; x_wconf 86' lang='lat' dir='ltr'><strong>Tirisiae</strong></span> <span class='ocrx_word' id='word_1_49' title='bbox 984 1052 1062 1114; x_wconf 85' lang='lat' dir='ltr'><strong>filiae</strong></span> <span class='ocrx_word' id='word_1_50' title='bbox 1078 1053 1164 1114; x_wconf 88' lang='lat' dir='ltr'><strong>Peri-</strong></span> 
     </span>
     <span class='ocr_line' id='line_1_9' title="bbox 194 1138 1163 1220; baseline -0.005 -16"><span class='ocrx_word' id='word_1_51' title='bbox 194 1142 360 1204; x_wconf 89' lang='lat' dir='ltr'><strong>clemenum</strong></span> <span class='ocrx_word' id='word_1_52' title='bbox 373 1147 402 1202; x_wconf 91' lang='lat' dir='ltr'><strong>et</strong></span> <span class='ocrx_word' id='word_1_53' title='bbox 413 1138 631 1210; x_wconf 77' lang='lat' dir='ltr'><strong>Peridsmem†‚</strong></span> <span class='ocrx_word' id='word_1_54' title='bbox 648 1141 698 1220; x_wconf 90' lang='lat' dir='ltr'><strong>qui</strong></span> <span class='ocrx_word' id='word_1_55' title='bbox 713 1139 827 1218; x_wconf 89' lang='lat' dir='ltr'><strong>primus</strong></span> <span class='ocrx_word' id='word_1_56' title='bbox 842 1140 985 1200; x_wconf 75' lang='lat' dir='ltr'><strong>cecinerit</strong></span> <span class='ocrx_word' id='word_1_57' title='bbox 998 1156 1047 1199; x_wconf 89' lang='lat' dir='ltr'><strong>res</strong></span> <span class='ocrx_word' id='word_1_58' title='bbox 1062 1145 1163 1216; x_wconf 80' lang='lat' dir='ltr'><strong>gestas</strong></span> 
     </span>
     <span class='ocr_line' id='line_1_10' title="bbox 194 1225 612 1289; baseline -0.005 -1"><span class='ocrx_word' id='word_1_59' title='bbox 194 1228 320 1289; x_wconf 89' lang='lat' dir='ltr'><strong>heroum</strong></span> <span class='ocrx_word' id='word_1_60' title='bbox 335 1227 454 1288; x_wconf 82' lang='lat' dir='ltr'><strong>musicis</strong></span> <span class='ocrx_word' id='word_1_61' title='bbox 469 1225 612 1286; x_wconf 84' lang='lat' dir='ltr'><strong>cantibus.</strong></span> 
     </span>
    </p>
   </div>
   <div class='ocr_carea' id='block_1_5' title="bbox 144 1403 1215 1486">
    <p class='ocr_par' dir='ltr' id='par_1_5' title="bbox 144 1403 1215 1486">
     <span class='ocr_line' id='line_1_11' title="bbox 144 1403 1215 1486; baseline -0.01 -1"><span class='ocrx_word' id='word_1_62' title='bbox 144 1428 186 1486; x_wconf 53' lang='lat'><strong>11*</strong></span> <span class='ocrx_word' id='word_1_63' title='bbox 569 1427 619 1476; x_wconf 84' lang='lat' dir='ltr'><strong>nn</strong></span> <span class='ocrx_word' id='word_1_64' title='bbox 637 1403 801 1476; x_wconf 62' lang='lat' dir='ltr'><strong>uomens</strong></span> <span class='ocrx_word' id='word_1_65' title='bbox 1184 1426 1215 1474; x_wconf 91' lang='lat' dir='ltr'><strong>1o</strong></span> 
     </span>
    </p>
   </div>
   <div class='ocr_carea' id='block_1_6' title="bbox 106 1558 1240 2484">
    <p class='ocr_par' dir='ltr' id='par_1_6' title="bbox 106 1558 1240 2484">
     <span class='ocr_line' id='line_1_12' title="bbox 259 1558 1166 1640; baseline -0.004 -18"><span class='ocrx_word' id='word_1_66' title='bbox 259 1562 370 1625; x_wconf 81' lang='lat' dir='ltr'><strong>Musica</strong></span> <span class='ocrx_word' id='word_1_67' title='bbox 397 1569 443 1624; x_wconf 88' lang='lat' dir='ltr'><strong>est</strong></span> <span class='ocrx_word' id='word_1_68' title='bbox 466 1563 571 1640; x_wconf 87' lang='lat' dir='ltr'><strong>peritia</strong></span> <span class='ocrx_word' id='word_1_69' title='bbox 594 1560 800 1622; x_wconf 81' lang='lat' dir='ltr'><strong>faciendorum</strong></span> <span class='ocrx_word' id='word_1_70' title='bbox 821 1566 851 1620; x_wconf 91' lang='lat' dir='ltr'><strong>et</strong></span> <span class='ocrx_word' id='word_1_71' title='bbox 872 1558 1073 1621; x_wconf 81' lang='lat' dir='ltr'><strong>canendorum</strong></span> <span class='ocrx_word' id='word_1_72' title='bbox 1099 1575 1166 1618; x_wconf 87' lang='lat' dir='ltr'><strong>mo·</strong></span> 
     </span>
     <span class='ocr_line' id='line_1_13' title="bbox 196 1641 1165 1724; baseline -0.007 -16"><span class='ocrx_word' id='word_1_73' title='bbox 196 1648 313 1708; x_wconf 88' lang='lat' dir='ltr'><strong>dorum.</strong></span> <span class='ocrx_word' id='word_1_74' title='bbox 359 1647 422 1708; x_wconf 87' lang='lat' dir='ltr'><strong>eius</strong></span> <span class='ocrx_word' id='word_1_75' title='bbox 451 1654 550 1724; x_wconf 84' lang='lat' dir='ltr'><strong>partes</strong></span> <span class='ocrx_word' id='word_1_76' title='bbox 579 1645 767 1714; x_wconf 86' lang='lat' dir='ltr'><strong>harmonica,</strong></span> <span class='ocrx_word' id='word_1_77' title='bbox 799 1645 951 1722; x_wconf 79' lang='lat' dir='ltr'><strong>organica,</strong></span> <span class='ocrx_word' id='word_1_78' title='bbox 988 1641 1165 1722; x_wconf 81' lang='lat' dir='ltr'><strong>rhythmica,</strong></span> 
     </span>
     <span class='ocr_line' id='line_1_14' title="bbox 107 1727 1167 1806; baseline -0.007 -13"><span class='ocrx_word' id='word_1_79' title='bbox 107 1766 116 1781; x_wconf 58' lang='grc' dir='ltr'><strong>ι</strong></span> <span class='ocrx_word' id='word_1_80' title='bbox 196 1732 382 1792; x_wconf 88' lang='lat' dir='ltr'><strong>crusmatica.</strong></span> <span class='ocrx_word' id='word_1_81' title='bbox 404 1733 566 1791; x_wconf 71' lang='lat' dir='ltr'><strong>&#39;crusmata</strong></span> <span class='ocrx_word' id='word_1_82' title='bbox 582 1727 683 1806; x_wconf 86' lang='lat' dir='ltr'><strong>pulsus</strong></span> <span class='ocrx_word' id='word_1_83' title='bbox 699 1729 801 1790; x_wconf 88' lang='lat' dir='ltr'><strong>decori</strong></span> <span class='ocrx_word' id='word_1_84' title='bbox 822 1731 886 1790; x_wconf 88' lang='lat' dir='ltr'><strong>sine</strong></span> <span class='ocrx_word' id='word_1_85' title='bbox 907 1728 1037 1788; x_wconf 89' lang='lat' dir='ltr'><strong>carmine</strong></span> <span class='ocrx_word' id='word_1_86' title='bbox 1057 1744 1167 1788; x_wconf 82' lang='lat' dir='ltr'><strong>vocan-</strong></span> 
     </span>
     <span class='ocr_line' id='line_1_15' title="bbox 197 1809 1166 1890; baseline -0.005 -15"><span class='ocrx_word' id='word_1_87' title='bbox 197 1823 259 1884; x_wconf 87' lang='lat' dir='ltr'><strong>tnr;</strong></span> <span class='ocrx_word' id='word_1_88' title='bbox 287 1815 441 1875; x_wconf 86' lang='lat' dir='ltr'><strong>harmonia</strong></span> <span class='ocrx_word' id='word_1_89' title='bbox 469 1820 514 1875; x_wconf 91' lang='lat' dir='ltr'><strong>est</strong></span> <span class='ocrx_word' id='word_1_90' title='bbox 539 1815 745 1882; x_wconf 71' lang='lat' dir='ltr'><strong>consensuum</strong></span> <span class='ocrx_word' id='word_1_91' title='bbox 780 1814 920 1890; x_wconf 80' lang='lat' dir='ltr'><strong>organica</strong></span> <span class='ocrx_word' id='word_1_92' title='bbox 942 1833 991 1874; x_wconf 69' lang='lat' dir='ltr'><strong>a*</strong></span> <span class='ocrx_word' id='word_1_93' title='bbox 1011 1809 1166 1890; x_wconf 78' lang='lat' dir='ltr'><strong>rhythmos</strong></span> 
     </span>
     <span class='ocr_line' id='line_1_16' title="bbox 163 1894 1215 1970; baseline -0.008 -8"><span class='ocrx_word' id='word_1_94' title='bbox 163 1914 179 1962; x_wconf 80' lang='lat' dir='ltr'><strong>a</strong></span> <span class='ocrx_word' id='word_1_95' title='bbox 198 1901 329 1970; x_wconf 88' lang='lat' dir='ltr'><strong>Graece,</strong></span> <span class='ocrx_word' id='word_1_96' title='bbox 350 1899 454 1959; x_wconf 90' lang='lat' dir='ltr'><strong>modus</strong></span> <span class='ocrx_word' id='word_1_97' title='bbox 470 1899 579 1959; x_wconf 87' lang='lat' dir='ltr'><strong>dicitur</strong></span> <span class='ocrx_word' id='word_1_98' title='bbox 594 1899 695 1959; x_wconf 87' lang='lat' dir='ltr'><strong>Latine</strong></span> <span class='ocrx_word' id='word_1_99' title='bbox 711 1921 726 1959; x_wconf 69' lang='lat' dir='ltr'><strong>a</strong></span> <span class='ocrx_word' id='word_1_100' title='bbox 742 1918 758 1959; x_wconf 73' lang='lat' dir='ltr'><strong>a</strong></span> <span class='ocrx_word' id='word_1_101' title='bbox 774 1898 942 1958; x_wconf 87' lang='lat' dir='ltr'><strong>nominatus</strong></span> <span class='ocrx_word' id='word_1_102' title='bbox 957 1912 1060 1956; x_wconf 86' lang='lat' dir='ltr'><strong>versus</strong></span> <span class='ocrx_word' id='word_1_103' title='bbox 1075 1894 1113 1956; x_wconf 83' lang='lat' dir='ltr'><strong>ab</strong></span> <span class='ocrx_word' id='word_1_104' title='bbox 1129 1912 1165 1955; x_wconf 88' lang='lat' dir='ltr'><strong>eo</strong></span> <span class='ocrx_word' id='word_1_105' title='bbox 1185 1905 1215 1954; x_wconf 76' lang='lat'><strong>1⁶</strong></span> 
     </span>
     <span class='ocr_line' id='line_1_17' title="bbox 157 1977 1167 2062; baseline -0.004 -18"><span class='ocrx_word' id='word_1_106' title='bbox 157 1984 163 1994; x_wconf 86' lang='lat'>&#39;</span> <span class='ocrx_word' id='word_1_107' title='bbox 197 1983 276 2062; x_wconf 89' lang='lat' dir='ltr'><strong>quod</strong></span> <span class='ocrx_word' id='word_1_108' title='bbox 298 1983 370 2044; x_wconf 87' lang='lat' dir='ltr'><strong>fluat</strong></span> <span class='ocrx_word' id='word_1_109' title='bbox 393 2000 485 2061; x_wconf 90' lang='lat' dir='ltr'><strong>seque</strong></span> <span class='ocrx_word' id='word_1_110' title='bbox 505 1985 568 2062; x_wconf 84' lang='lat' dir='ltr'><strong>ipse</strong></span> <span class='ocrx_word' id='word_1_111' title='bbox 589 1980 763 2044; x_wconf 88' lang='lat' dir='ltr'><strong>circumeat.</strong></span> <span class='ocrx_word' id='word_1_112' title='bbox 809 1980 915 2042; x_wconf 93' lang='lat' dir='ltr'><strong>modus</strong></span> <span class='ocrx_word' id='word_1_113' title='bbox 934 1987 1032 2042; x_wconf 84' lang='lat' dir='ltr'><strong>autem</strong></span> <span class='ocrx_word' id='word_1_114' title='bbox 1053 1977 1167 2040; x_wconf 76' lang='lat' dir='ltr'><strong>estlear</strong></span> 
     </span>
     <span class='ocr_line' id='line_1_18' title="bbox 198 2063 1165 2146; baseline -0.004 -17"><span class='ocrx_word' id='word_1_115' title='bbox 198 2067 342 2146; x_wconf 85' lang='lat' dir='ltr'><strong>quaedam</strong></span> <span class='ocrx_word' id='word_1_116' title='bbox 370 2075 399 2128; x_wconf 89' lang='lat' dir='ltr'><strong>et</strong></span> <span class='ocrx_word' id='word_1_117' title='bbox 425 2067 499 2128; x_wconf 91' lang='lat' dir='ltr'><strong>ordo</strong></span> <span class='ocrx_word' id='word_1_118' title='bbox 520 2065 663 2128; x_wconf 91' lang='lat' dir='ltr'><strong>vocalium</strong></span> <span class='ocrx_word' id='word_1_119' title='bbox 689 2063 914 2128; x_wconf 87' lang='lat' dir='ltr'><strong>intervallorum</strong></span> <span class='ocrx_word' id='word_1_120' title='bbox 942 2074 972 2126; x_wconf 90' lang='lat' dir='ltr'><strong>et</strong></span> <span class='ocrx_word' id='word_1_121' title='bbox 992 2063 1165 2133; x_wconf 79' lang='lat' dir='ltr'><strong>differentia,</strong></span> 
     </span>
     <span class='ocr_line' id='line_1_19' title="bbox 106 2151 1167 2230; baseline -0.005 -18"><span class='ocrx_word' id='word_1_122' title='bbox 106 2223 109 2230; x_wconf 23' lang='lat'><strong>¹</strong></span> <span class='ocrx_word' id='word_1_123' title='bbox 198 2151 258 2222; x_wconf 90' lang='lat' dir='ltr'><strong>vel,</strong></span> <span class='ocrx_word' id='word_1_124' title='bbox 275 2161 308 2212; x_wconf 91' lang='lat' dir='ltr'><strong>ut</strong></span> <span class='ocrx_word' id='word_1_125' title='bbox 321 2153 513 2213; x_wconf 77' lang='lat' dir='ltr'><strong>Aristoxenus</strong></span> <span class='ocrx_word' id='word_1_126' title='bbox 528 2152 604 2221; x_wconf 84' lang='lat' dir='ltr'><strong>linit,</strong></span> <span class='ocrx_word' id='word_1_127' title='bbox 625 2168 686 2211; x_wconf 90' lang='lat' dir='ltr'><strong>uon</strong></span> <span class='ocrx_word' id='word_1_128' title='bbox 701 2158 862 2227; x_wconf 88' lang='lat' dir='ltr'><strong>utcumque</strong></span> <span class='ocrx_word' id='word_1_129' title='bbox 878 2151 1064 2226; x_wconf 87' lang='lat' dir='ltr'><strong>conpositum</strong></span> <span class='ocrx_word' id='word_1_130' title='bbox 1079 2166 1167 2208; x_wconf 80' lang='lat' dir='ltr'><strong>voca·</strong></span> 
     </span>
     <span class='ocr_line' id='line_1_20' title="bbox 162 2231 1240 2315; baseline -0.006 -16"><span class='ocrx_word' id='word_1_131' title='bbox 162 2250 180 2299; x_wconf 80' lang='lat' dir='ltr'><strong>a</strong></span> <span class='ocrx_word' id='word_1_132' title='bbox 198 2235 269 2299; x_wconf 92' lang='lat' dir='ltr'><strong>lium</strong></span> <span class='ocrx_word' id='word_1_133' title='bbox 290 2245 458 2315; x_wconf 88' lang='lat' dir='ltr'><strong>temporum</strong></span> <span class='ocrx_word' id='word_1_134' title='bbox 481 2234 675 2297; x_wconf 86' lang='lat' dir='ltr'><strong>intervallum.</strong></span> <span class='ocrx_word' id='word_1_135' title='bbox 711 2251 832 2295; x_wconf 90' lang='lat' dir='ltr'><strong>carmen</strong></span> <span class='ocrx_word' id='word_1_136' title='bbox 853 2240 898 2294; x_wconf 88' lang='lat' dir='ltr'><strong>cst</strong></span> <span class='ocrx_word' id='word_1_137' title='bbox 917 2234 1023 2294; x_wconf 90' lang='lat' dir='ltr'><strong>modus</strong></span> <span class='ocrx_word' id='word_1_138' title='bbox 1043 2231 1166 2293; x_wconf 88' lang='lat' dir='ltr'><strong>vocibus</strong></span> <span class='ocrx_word' id='word_1_139' title='bbox 1238 2257 1240 2264; x_wconf 70' lang='lat'><em>,</em></span> 
     </span>
     <span class='ocr_line' id='line_1_21' title="bbox 198 2317 1214 2391; baseline -0.006 -10"><span class='ocrx_word' id='word_1_140' title='bbox 198 2322 329 2391; x_wconf 90' lang='lat' dir='ltr'><strong>iunctus,</strong></span> <span class='ocrx_word' id='word_1_141' title='bbox 346 2321 429 2381; x_wconf 90' lang='lat' dir='ltr'><strong>cuius</strong></span> <span class='ocrx_word' id='word_1_142' title='bbox 444 2319 613 2380; x_wconf 87' lang='lat' dir='ltr'><strong>discrimina</strong></span> <span class='ocrx_word' id='word_1_143' title='bbox 630 2327 746 2389; x_wconf 88' lang='lat' dir='ltr'><strong>cantus,</strong></span> <span class='ocrx_word' id='word_1_144' title='bbox 763 2317 884 2388; x_wconf 90' lang='lat' dir='ltr'><strong>modus,</strong></span> <span class='ocrx_word' id='word_1_145' title='bbox 900 2321 1007 2379; x_wconf 89' lang='lat' dir='ltr'><strong>motus.</strong></span> <span class='ocrx_word' id='word_1_146' title='bbox 1044 2326 1165 2378; x_wconf 73' lang='lat' dir='ltr'><strong>*stem-</strong></span> <span class='ocrx_word' id='word_1_147' title='bbox 1183 2327 1214 2376; x_wconf 77' lang='lat' dir='ltr'><strong>ao</strong></span> 
     </span>
     <span class='ocr_line' id='line_1_22' title="bbox 198 2399 1167 2484; baseline -0.004 -20"><span class='ocrx_word' id='word_1_148' title='bbox 198 2421 255 2484; x_wconf 89' lang='lat' dir='ltr'><strong>pus</strong></span> <span class='ocrx_word' id='word_1_149' title='bbox 282 2412 326 2464; x_wconf 90' lang='lat' dir='ltr'><strong>est</strong></span> <span class='ocrx_word' id='word_1_150' title='bbox 351 2401 480 2482; x_wconf 85' lang='lat' dir='ltr'><strong>syllabae</strong></span> <span class='ocrx_word' id='word_1_151' title='bbox 498 2403 638 2480; x_wconf 89' lang='lat' dir='ltr'><strong>spatium,</strong></span> <span class='ocrx_word' id='word_1_152' title='bbox 669 2402 757 2464; x_wconf 89' lang='lat' dir='ltr'><strong>huius</strong></span> <span class='ocrx_word' id='word_1_153' title='bbox 783 2402 961 2464; x_wconf 87' lang='lat' dir='ltr'><strong>elementum</strong></span> <span class='ocrx_word' id='word_1_154' title='bbox 989 2400 1089 2464; x_wconf 86' lang='lat' dir='ltr'><strong>brevis</strong></span> <span class='ocrx_word' id='word_1_155' title='bbox 1109 2399 1167 2481; x_wconf 77' lang='lat' dir='ltr'><strong>syl·</strong></span> 
     </span>
    </p>
   </div>
   <div class='ocr_carea' id='block_1_7' title="bbox 198 2567 1284 3580">
    <p class='ocr_par' dir='ltr' id='par_1_7' title="bbox 198 2567 1284 3580">
     <span class='ocr_line' id='line_1_23' title="bbox 268 2567 1166 2637; baseline -0.003 -17"><span class='ocrx_word' id='word_1_156' title='bbox 268 2572 292 2624; x_wconf 91' lang='lat'><strong>1.</strong></span> <span class='ocrx_word' id='word_1_157' title='bbox 318 2585 415 2637; x_wconf 80' lang='lat' dir='ltr'><strong>poan.</strong></span> <span class='ocrx_word' id='word_1_158' title='bbox 438 2571 477 2634; x_wconf 87' lang='lat' dir='ltr'><strong>D,</strong></span> <span class='ocrx_word' id='word_1_159' title='bbox 505 2573 651 2636; x_wconf 83' lang='lat' dir='ltr'><strong>postquam</strong></span> <span class='ocrx_word' id='word_1_160' title='bbox 677 2571 703 2620; x_wconf 99' lang='lat' dir='ltr'><em>V</em></span> <span class='ocrx_word' id='word_1_161' title='bbox 721 2597 730 2618; x_wconf 57' lang='lat' dir='ltr'><strong>a</strong></span> <span class='ocrx_word' id='word_1_162' title='bbox 769 2574 794 2622; x_wconf 90' lang='lat'><strong>3.</strong></span> <span class='ocrx_word' id='word_1_163' title='bbox 818 2570 928 2621; x_wconf 77' lang='lat' dir='ltr'><strong>nnnhmt</strong></span> <span class='ocrx_word' id='word_1_164' title='bbox 949 2571 986 2629; x_wconf 85' lang='lat' dir='ltr'><strong>D,</strong></span> <span class='ocrx_word' id='word_1_165' title='bbox 1015 2571 1091 2618; x_wconf 83' lang='lat' dir='ltr'><strong>ritmi</strong></span> <span class='ocrx_word' id='word_1_166' title='bbox 1117 2567 1166 2631; x_wconf 87' lang='lat' dir='ltr'><strong>V¹,</strong></span> 
     </span>
     <span class='ocr_line' id='line_1_24' title="bbox 198 2637 1102 2690; baseline -0.002 -1"><span class='ocrx_word' id='word_1_167' title='bbox 198 2638 292 2690; x_wconf 86' lang='lat' dir='ltr'><strong>rithmi</strong></span> <span class='ocrx_word' id='word_1_168' title='bbox 318 2640 344 2689; x_wconf 99' lang='lat' dir='ltr'><em>V</em></span> <span class='ocrx_word' id='word_1_169' title='bbox 363 2656 394 2689; x_wconf 86' lang='lat' dir='ltr'><strong>m.</strong></span> <span class='ocrx_word' id='word_1_170' title='bbox 417 2653 471 2689; x_wconf 84' lang='lat' dir='ltr'><strong>ree.</strong></span> <span class='ocrx_word' id='word_1_171' title='bbox 540 2639 566 2690; x_wconf 85' lang='lat'><strong>4.</strong></span> <span class='ocrx_word' id='word_1_172' title='bbox 589 2637 724 2688; x_wconf 75' lang='lat' dir='ltr'><strong>anuhmus</strong></span> <span class='ocrx_word' id='word_1_173' title='bbox 745 2638 802 2687; x_wconf 86' lang='lat' dir='ltr'><strong>DV</strong></span> <span class='ocrx_word' id='word_1_174' title='bbox 868 2638 1021 2688; x_wconf 77' lang='lat' dir='ltr'><strong>atrhmomo</strong></span> <span class='ocrx_word' id='word_1_175' title='bbox 1045 2638 1102 2687; x_wconf 86' lang='lat' dir='ltr'><strong>DV</strong></span> 
     </span>
     <span class='ocr_line' id='line_1_25' title="bbox 199 2704 1167 2771; baseline -0.005 -13"><span class='ocrx_word' id='word_1_176' title='bbox 199 2709 224 2758; x_wconf 78' lang='lat' dir='ltr'><strong>a.</strong></span> <span class='ocrx_word' id='word_1_177' title='bbox 242 2704 392 2768; x_wconf 69' lang='lat' dir='ltr'><strong>chremens}</strong></span> <span class='ocrx_word' id='word_1_178' title='bbox 401 2721 435 2757; x_wconf 83' lang='lat' dir='ltr'><strong>aa</strong></span> <span class='ocrx_word' id='word_1_179' title='bbox 448 2717 566 2756; x_wconf 80' lang='lat' dir='ltr'><strong>auronae</strong></span> <span class='ocrx_word' id='word_1_180' title='bbox 580 2717 684 2757; x_wconf 79' lang='lat' dir='ltr'><strong>monice</strong></span> <span class='ocrx_word' id='word_1_181' title='bbox 696 2707 729 2764; x_wconf 88' lang='grc' dir='ltr'><strong>Ι),</strong></span> <span class='ocrx_word' id='word_1_182' title='bbox 748 2704 893 2756; x_wconf 87' lang='lat' dir='ltr'><strong>iduomeae</strong></span> <span class='ocrx_word' id='word_1_183' title='bbox 905 2705 1001 2771; x_wconf 74' lang='lat' dir='ltr'><strong>nymle</strong></span> <span class='ocrx_word' id='word_1_184' title='bbox 1014 2705 1120 2769; x_wconf 78' lang='lat' dir='ltr'><strong>mariae</strong></span> <span class='ocrx_word' id='word_1_185' title='bbox 1136 2704 1167 2761; x_wconf 82' lang='lat' dir='ltr'><strong>V,</strong></span> 
     </span>
     <span class='ocr_line' id='line_1_26' title="bbox 199 2772 1166 2833; baseline -0.004 -9"><span class='ocrx_word' id='word_1_186' title='bbox 199 2790 269 2827; x_wconf 81' lang='lat' dir='ltr'><strong>corr.</strong></span> <span class='ocrx_word' id='word_1_187' title='bbox 287 2774 443 2833; x_wconf 61' lang='lat' dir='ltr'><strong>dodechino,</strong></span> <span class='ocrx_word' id='word_1_188' title='bbox 465 2774 608 2825; x_wconf 81' lang='lat' dir='ltr'><strong>Idmoniae</strong></span> <span class='ocrx_word' id='word_1_189' title='bbox 630 2775 695 2825; x_wconf 82' lang='lat' dir='ltr'><strong>coni.</strong></span> <span class='ocrx_word' id='word_1_190' title='bbox 718 2773 859 2824; x_wconf 79' lang='lat' dir='ltr'><strong>Urliehciua</strong></span> <span class='ocrx_word' id='word_1_191' title='bbox 927 2785 1086 2824; x_wconf 78' lang='lat' dir='ltr'><strong>utcocearts</strong></span> <span class='ocrx_word' id='word_1_192' title='bbox 1103 2772 1166 2833; x_wconf 82' lang='lat' dir='ltr'><strong>BV,</strong></span> 
     </span>
     <span class='ocr_line' id='line_1_27' title="bbox 198 2839 1167 2906; baseline -0.004 -14"><span class='ocrx_word' id='word_1_193' title='bbox 198 2841 374 2892; x_wconf 75' lang='lat' dir='ltr'><strong>Nicostratus</strong></span> <span class='ocrx_word' id='word_1_194' title='bbox 386 2841 482 2892; x_wconf 82' lang='lat' dir='ltr'><strong>Stiehle</strong></span> <span class='ocrx_word' id='word_1_195' title='bbox 493 2842 587 2893; x_wconf 78' lang='lat' dir='ltr'><strong>Philol.</strong></span> <span class='ocrx_word' id='word_1_196' title='bbox 600 2841 627 2890; x_wconf 88' lang='grc' dir='ltr'><em>Χ</em></span> <span class='ocrx_word' id='word_1_197' title='bbox 634 2857 664 2906; x_wconf 82' lang='lat' dir='ltr'><strong>p.</strong></span> <span class='ocrx_word' id='word_1_198' title='bbox 678 2843 727 2890; x_wconf 83' lang='lat'><strong>1⁷0</strong></span> <span class='ocrx_word' id='word_1_199' title='bbox 795 2841 880 2892; x_wconf 85' lang='grc'><strong>6-8.</strong></span> <span class='ocrx_word' id='word_1_200' title='bbox 900 2840 1053 2905; x_wconf 86' lang='lat' dir='ltr'><strong>composuit</strong></span> <span class='ocrx_word' id='word_1_201' title='bbox 1064 2839 1098 2890; x_wconf 87' lang='lat' dir='ltr'><strong>de</strong></span> <span class='ocrx_word' id='word_1_202' title='bbox 1110 2850 1167 2889; x_wconf 86' lang='lat' dir='ltr'><strong>mu·</strong></span> 
     </span>
     <span class='ocr_line' id='line_1_28' title="bbox 199 2907 1167 2972; baseline -0.003 -13"><span class='ocrx_word' id='word_1_203' title='bbox 199 2909 268 2959; x_wconf 85' lang='lat' dir='ltr'><strong>sice.</strong></span> <span class='ocrx_word' id='word_1_204' title='bbox 292 2909 406 2959; x_wconf 84' lang='lat' dir='ltr'><strong>fratrem</strong></span> <span class='ocrx_word' id='word_1_205' title='bbox 417 2908 597 2972; x_wconf 83' lang='lat' dir='ltr'><strong>Rhythmonii</strong></span> <span class='ocrx_word' id='word_1_206' title='bbox 608 2909 696 2958; x_wconf 88' lang='lat' dir='ltr'><strong>tradit</strong></span> <span class='ocrx_word' id='word_1_207' title='bbox 705 2909 909 2971; x_wconf 82' lang='lat' dir='ltr'><strong>Hymenaeum,</strong></span> <span class='ocrx_word' id='word_1_208' title='bbox 928 2907 1108 2972; x_wconf 84' lang='lat' dir='ltr'><strong>Rhythmonii</strong></span> <span class='ocrx_word' id='word_1_209' title='bbox 1119 2921 1167 2958; x_wconf 84' lang='lat' dir='ltr'><strong>au-</strong></span> 
     </span>
     <span class='ocr_line' id='line_1_29' title="bbox 199 2969 1284 3058; baseline -0.002 -34"><span class='ocrx_word' id='word_1_210' title='bbox 199 2980 256 3027; x_wconf 89' lang='lat' dir='ltr'><strong>tem</strong></span> <span class='ocrx_word' id='word_1_211' title='bbox 270 2980 298 3025; x_wconf 91' lang='lat' dir='ltr'><strong>et</strong></span> <span class='ocrx_word' id='word_1_212' title='bbox 310 2975 457 3038; x_wconf 78' lang='lat' dir='ltr'><strong>Chloridis,</strong></span> <span class='ocrx_word' id='word_1_213' title='bbox 475 2976 603 3027; x_wconf 85' lang='lat' dir='ltr'><strong>Tiresiae</strong></span> <span class='ocrx_word' id='word_1_214' title='bbox 616 2975 700 3039; x_wconf 82' lang='lat' dir='ltr'><strong>filiae,</strong></span> <span class='ocrx_word' id='word_1_215' title='bbox 719 2975 941 3038; x_wconf 85' lang='lat' dir='ltr'><strong>Periclymeuum</strong></span> <span class='ocrx_word' id='word_1_216' title='bbox 955 2980 983 3026; x_wconf 88' lang='lat' dir='ltr'><strong>et</strong></span> <span class='ocrx_word' id='word_1_217' title='bbox 994 2975 1166 3024; x_wconf 72' lang='lat' dir='ltr'><strong>P&#39;erimedem</strong></span> <span class='ocrx_word' id='word_1_218' title='bbox 1279 2969 1284 3058; x_wconf 55' lang='lat' dir='ltr'><strong>l</strong></span> 
     </span>
     <span class='ocr_line' id='line_1_30' title="bbox 199 3041 1164 3094; baseline -0.003 -1"><span class='ocrx_word' id='word_1_219' title='bbox 199 3043 300 3093; x_wconf 76' lang='lat' dir='ltr'><strong>Ichnae</strong></span> <span class='ocrx_word' id='word_1_220' title='bbox 366 3043 392 3092; x_wconf 88' lang='grc'><strong>6.</strong></span> <span class='ocrx_word' id='word_1_221' title='bbox 419 3043 522 3094; x_wconf 88' lang='lat' dir='ltr'><strong>musico</strong></span> <span class='ocrx_word' id='word_1_222' title='bbox 549 3045 577 3092; x_wconf 89' lang='lat' dir='ltr'><em>V</em></span> <span class='ocrx_word' id='word_1_223' title='bbox 640 3043 771 3093; x_wconf 88' lang='lat' dir='ltr'><strong>rithmoni</strong></span> <span class='ocrx_word' id='word_1_224' title='bbox 796 3043 823 3091; x_wconf 92' lang='lat' dir='ltr'><em>V</em></span> <span class='ocrx_word' id='word_1_225' title='bbox 889 3045 914 3094; x_wconf 87' lang='lat' dir='ltr'><strong>&#39;l.</strong></span> <span class='ocrx_word' id='word_1_226' title='bbox 943 3043 1054 3092; x_wconf 79' lang='lat' dir='ltr'><strong>himene&#39;</strong></span> <span class='ocrx_word' id='word_1_227' title='bbox 1075 3041 1164 3092; x_wconf 82' lang='lat' dir='ltr'><strong>uarri·</strong></span> 
     </span>
     <span class='ocr_line' id='line_1_31' title="bbox 200 3109 1165 3176; baseline -0.003 -16"><span class='ocrx_word' id='word_1_228' title='bbox 200 3109 288 3161; x_wconf 84' lang='lat' dir='ltr'><strong>Tenis</strong></span> <span class='ocrx_word' id='word_1_229' title='bbox 310 3111 338 3160; x_wconf 93' lang='lat' dir='ltr'><em>V</em></span> <span class='ocrx_word' id='word_1_230' title='bbox 401 3109 488 3176; x_wconf 77' lang='lat' dir='ltr'><strong>tiriaie</strong></span> <span class='ocrx_word' id='word_1_231' title='bbox 509 3112 538 3161; x_wconf 91' lang='lat' dir='ltr'><em>V</em></span> <span class='ocrx_word' id='word_1_232' title='bbox 601 3113 626 3165; x_wconf 83' lang='grc'><strong>8.</strong></span> <span class='ocrx_word' id='word_1_233' title='bbox 645 3123 867 3162; x_wconf 74' lang='lat' dir='ltr'><strong>cecinentnnnes</strong></span> <span class='ocrx_word' id='word_1_234' title='bbox 886 3112 911 3160; x_wconf 88' lang='lat' dir='ltr'><em>D</em></span> <span class='ocrx_word' id='word_1_235' title='bbox 981 3112 1021 3161; x_wconf 88' lang='lat'><strong>10.</strong></span> <span class='ocrx_word' id='word_1_236' title='bbox 1040 3110 1113 3161; x_wconf 80' lang='lat' dir='ltr'><strong>Irnu</strong></span> <span class='ocrx_word' id='word_1_237' title='bbox 1131 3123 1165 3158; x_wconf 76' lang='lat' dir='ltr'><strong>na</strong></span> 
     </span>
     <span class='ocr_line' id='line_1_32' title="bbox 201 3175 1130 3242; baseline -0.003 -14"><span class='ocrx_word' id='word_1_238' title='bbox 201 3187 303 3229; x_wconf 72' lang='lat' dir='ltr'><strong>uastos</strong></span> <span class='ocrx_word' id='word_1_239' title='bbox 324 3177 352 3228; x_wconf 92' lang='lat' dir='ltr'><em>V</em></span> <span class='ocrx_word' id='word_1_240' title='bbox 417 3179 456 3228; x_wconf 79' lang='lat'><strong>12.</strong></span> <span class='ocrx_word' id='word_1_241' title='bbox 475 3179 619 3230; x_wconf 84' lang='lat' dir='ltr'><strong>armonica</strong></span> <span class='ocrx_word' id='word_1_242' title='bbox 641 3179 669 3226; x_wconf 93' lang='lat' dir='ltr'><em>V</em></span> <span class='ocrx_word' id='word_1_243' title='bbox 733 3178 878 3229; x_wconf 76' lang='lat' dir='ltr'><strong>nnuhmtca</strong></span> <span class='ocrx_word' id='word_1_244' title='bbox 896 3179 934 3242; x_wconf 86' lang='lat' dir='ltr'><strong>D,</strong></span> <span class='ocrx_word' id='word_1_245' title='bbox 953 3178 1084 3227; x_wconf 77' lang='lat' dir='ltr'><strong>rithmica</strong></span> <span class='ocrx_word' id='word_1_246' title='bbox 1105 3175 1130 3225; x_wconf 91' lang='lat' dir='ltr'><em>V</em></span> 
     </span>
     <span class='ocr_line' id='line_1_33' title="bbox 202 3245 1165 3311; baseline -0.002 -15"><span class='ocrx_word' id='word_1_247' title='bbox 202 3248 243 3300; x_wconf 81' lang='lat'><strong>13.</strong></span> <span class='ocrx_word' id='word_1_248' title='bbox 261 3245 366 3297; x_wconf 75' lang='lat' dir='ltr'><strong>decons</strong></span> <span class='ocrx_word' id='word_1_249' title='bbox 382 3246 416 3306; x_wconf 87' lang='lat' dir='ltr'><strong>D,</strong></span> <span class='ocrx_word' id='word_1_250' title='bbox 434 3248 535 3298; x_wconf 73' lang='lat' dir='ltr'><strong>corad</strong></span> <span class='ocrx_word' id='word_1_251' title='bbox 603 3247 644 3296; x_wconf 81' lang='lat'><strong>14.</strong></span> <span class='ocrx_word' id='word_1_252' title='bbox 664 3258 807 3298; x_wconf 75' lang='lat' dir='ltr'><strong>nemorales</strong></span> <span class='ocrx_word' id='word_1_253' title='bbox 824 3246 881 3296; x_wconf 86' lang='lat' dir='ltr'><strong>DV</strong></span> <span class='ocrx_word' id='word_1_254' title='bbox 947 3258 1047 3311; x_wconf 64' lang='lat' dir='ltr'><strong>onnam</strong></span> <span class='ocrx_word' id='word_1_255' title='bbox 1064 3257 1165 3294; x_wconf 77' lang='lat' dir='ltr'><strong>coars-</strong></span> 
     </span>
     <span class='ocr_line' id='line_1_34' title="bbox 201 3312 1100 3379; baseline 0 -15"><span class='ocrx_word' id='word_1_256' title='bbox 201 3325 259 3364; x_wconf 82' lang='lat' dir='ltr'><strong>mos</strong></span> <span class='ocrx_word' id='word_1_257' title='bbox 278 3315 316 3378; x_wconf 86' lang='lat' dir='ltr'><strong>D,</strong></span> <span class='ocrx_word' id='word_1_258' title='bbox 340 3314 438 3379; x_wconf 80' lang='lat' dir='ltr'><strong>organi</strong></span> <span class='ocrx_word' id='word_1_259' title='bbox 456 3314 585 3364; x_wconf 83' lang='lat' dir='ltr'><strong>caritmoa</strong></span> <span class='ocrx_word' id='word_1_260' title='bbox 607 3313 635 3364; x_wconf 89' lang='lat' dir='ltr'><em>V</em></span> <span class='ocrx_word' id='word_1_261' title='bbox 638 3312 656 3378; x_wconf 88' lang='lat'><strong>¹,</strong></span> <span class='ocrx_word' id='word_1_262' title='bbox 675 3315 809 3379; x_wconf 79' lang='lat' dir='ltr'><strong>organica</strong></span> <span class='ocrx_word' id='word_1_263' title='bbox 827 3312 941 3365; x_wconf 85' lang='lat' dir='ltr'><strong>rithmos</strong></span> <span class='ocrx_word' id='word_1_264' title='bbox 957 3313 983 3363; x_wconf 94' lang='lat' dir='ltr'><em>V</em></span> <span class='ocrx_word' id='word_1_265' title='bbox 997 3329 1028 3367; x_wconf 86' lang='lat' dir='ltr'><strong>m.</strong></span> <span class='ocrx_word' id='word_1_266' title='bbox 1046 3327 1100 3364; x_wconf 83' lang='lat' dir='ltr'><strong>rec.</strong></span> 
     </span>
     <span class='ocr_line' id='line_1_35' title="bbox 202 3380 1166 3441; baseline -0.002 -10"><span class='ocrx_word' id='word_1_267' title='bbox 202 3383 243 3433; x_wconf 84' lang='lat' dir='ltr'><strong>lt.</strong></span> <span class='ocrx_word' id='word_1_268' title='bbox 266 3389 355 3434; x_wconf 87' lang='lat' dir='ltr'><strong>motus</strong></span> <span class='ocrx_word' id='word_1_269' title='bbox 373 3381 475 3433; x_wconf 89' lang='lat' dir='ltr'><strong>dieitur</strong></span> <span class='ocrx_word' id='word_1_270' title='bbox 491 3381 607 3441; x_wconf 86' lang='lat' dir='ltr'><strong>Latine,</strong></span> <span class='ocrx_word' id='word_1_271' title='bbox 637 3383 794 3432; x_wconf 87' lang='lat' dir='ltr'><strong>nominatur</strong></span> <span class='ocrx_word' id='word_1_272' title='bbox 810 3396 875 3433; x_wconf 84' lang='lat' dir='ltr'><strong>vero</strong></span> <span class='ocrx_word' id='word_1_273' title='bbox 895 3381 930 3434; x_wconf 87' lang='lat' dir='ltr'><strong>ab</strong></span> <span class='ocrx_word' id='word_1_274' title='bbox 950 3395 983 3432; x_wconf 88' lang='lat' dir='ltr'><strong>eo</strong></span> <span class='ocrx_word' id='word_1_275' title='bbox 1005 3386 1052 3431; x_wconf 87' lang='lat' dir='ltr'><strong>cet.</strong></span> <span class='ocrx_word' id='word_1_276' title='bbox 1071 3380 1166 3430; x_wconf 75' lang='lat' dir='ltr'><strong>lateas</strong></span> 
     </span>
     <span class='ocr_line' id='line_1_36' title="bbox 199 3448 1166 3513; baseline -0.003 -15"><span class='ocrx_word' id='word_1_277' title='bbox 199 3451 295 3512; x_wconf 81' lang='lat' dir='ltr'><strong>partim</strong></span> <span class='ocrx_word' id='word_1_278' title='bbox 312 3451 446 3500; x_wconf 81' lang='lat' dir='ltr'><strong>secandum</strong></span> <span class='ocrx_word' id='word_1_279' title='bbox 462 3449 649 3499; x_wconf 82' lang='lat' dir='ltr'><strong>Lochmannnm</strong></span> <span class='ocrx_word' id='word_1_280' title='bbox 716 3463 833 3500; x_wconf 80' lang='lat' dir='ltr'><strong>namuae</strong></span> <span class='ocrx_word' id='word_1_281' title='bbox 851 3451 876 3499; x_wconf 88' lang='grc' dir='ltr'><strong>Ι)</strong></span> <span class='ocrx_word' id='word_1_282' title='bbox 944 3450 986 3498; x_wconf 79' lang='lat'><strong>21.</strong></span> <span class='ocrx_word' id='word_1_283' title='bbox 1003 3453 1064 3513; x_wconf 81' lang='lat' dir='ltr'><strong>poet</strong></span> <span class='ocrx_word' id='word_1_284' title='bbox 1083 3450 1126 3497; x_wconf 84' lang='lat' dir='ltr'><strong>est</strong></span> <span class='ocrx_word' id='word_1_285' title='bbox 1140 3448 1166 3496; x_wconf 82' lang='lat' dir='ltr'><strong>io</strong></span> 
     </span>
     <span class='ocr_line' id='line_1_37' title="bbox 206 3515 1069 3580; baseline -0.001 -14"><span class='ocrx_word' id='word_1_286' title='bbox 206 3515 233 3566; x_wconf 94' lang='lat' dir='ltr'><em>V</em></span> <span class='ocrx_word' id='word_1_287' title='bbox 247 3522 397 3580; x_wconf 81' lang='lat' dir='ltr'><strong>repetantur</strong></span> <span class='ocrx_word' id='word_1_288' title='bbox 415 3531 450 3566; x_wconf 72' lang='lat' dir='ltr'><strong>eac</strong></span> <span class='ocrx_word' id='word_1_289' title='bbox 467 3532 503 3568; x_wconf 85' lang='lat' dir='ltr'><strong>oa.</strong></span> <span class='ocrx_word' id='word_1_290' title='bbox 517 3518 549 3566; x_wconf 81' lang='lat'><strong>19</strong></span> <span class='ocrx_word' id='word_1_291' title='bbox 560 3531 594 3566; x_wconf 83' lang='lat' dir='ltr'><strong>as.</strong></span> <span class='ocrx_word' id='word_1_292' title='bbox 613 3515 707 3567; x_wconf 87' lang='lat' dir='ltr'><strong>modus</strong></span> <span class='ocrx_word' id='word_1_293' title='bbox 725 3517 840 3568; x_wconf 84' lang='lat' dir='ltr'><strong>vocibus</strong></span> <span class='ocrx_word' id='word_1_294' title='bbox 853 3543 884 3554; x_wconf 87' lang='lat'><strong>—-</strong></span> <span class='ocrx_word' id='word_1_295' title='bbox 897 3521 1006 3580; x_wconf 85' lang='lat' dir='ltr'><strong>tempus</strong></span> <span class='ocrx_word' id='word_1_296' title='bbox 1026 3520 1069 3566; x_wconf 85' lang='lat' dir='ltr'><strong>est</strong></span> 
     </span>
    </p>
   </div>
   <div class='ocr_carea' id='block_1_8' title="bbox 0 0 1309 4066">
    <p class='ocr_par' dir='ltr' id='par_1_8' title="bbox 0 0 1309 4066">
     <span class='ocr_line' id='line_1_38' title="bbox 0 0 1309 4066; baseline 0 0"><span class='ocrx_word' id='word_1_297' title='bbox 0 0 1309 4066; x_wconf 95' lang='lat' dir='ltr'><strong> </strong></span> 
     </span>
    </p>
   </div>
  </div>
 </body>
</html>
