<?xml version="1.0" encoding="UTF-8"?>
<!DOCTYPE html PUBLIC "-//W3C//DTD XHTML 1.0 Transitional//EN"
    "http://www.w3.org/TR/xhtml1/DTD/xhtml1-transitional.dtd">
<html xmlns="http://www.w3.org/1999/xhtml" xml:lang="en" lang="en">
 <head>
  <title>
</title>
<meta http-equiv="Content-Type" content="text/html;charset=utf-8" />
  <meta name='ocr-system' content='tesseract 3.04.00' />
  <meta name='ocr-capabilities' content='ocr_page ocr_carea ocr_par ocr_line ocrx_word'/>
</head>
<body>
  <div class='ocr_page' id='page_1' title='image "./censorinidedien01censgoog_0034.png"; bbox 0 0 2558 4062; ppageno 0'>
   <div class='ocr_carea' id='block_1_1' title="bbox 357 245 1066 312">
    <p class='ocr_par' dir='ltr' id='par_1_1' title="bbox 357 245 1066 312">
     <span class='ocr_line' id='line_1_1' title="bbox 357 245 1066 312; baseline 0.008 -6"><span class='ocrx_word' id='word_1_1' title='bbox 357 259 406 306; x_wconf 84' lang='lat' dir='ltr'>on</span> <span class='ocrx_word' id='word_1_2' title='bbox 429 259 491 307; x_wconf 85' lang='lat' dir='ltr'>une</span> <span class='ocrx_word' id='word_1_3' title='bbox 513 259 647 308; x_wconf 76' lang='lat' dir='ltr'>noram</span> <span class='ocrx_word' id='word_1_4' title='bbox 670 259 745 308; x_wconf 76' lang='lat' dir='ltr'>ote.</span> <span class='ocrx_word' id='word_1_5' title='bbox 762 261 808 309; x_wconf 83' lang='lat' dir='ltr'>rx.</span> <span class='ocrx_word' id='word_1_6' title='bbox 1025 245 1066 312; x_wconf 89' lang='lat'>15</span> 
     </span>
    </p>
   </div>
   <div class='ocr_carea' id='block_1_2' title="bbox 29 399 1170 2765">
    <p class='ocr_par' dir='ltr' id='par_1_2' title="bbox 61 399 1170 902">
     <span class='ocr_line' id='line_1_2' title="bbox 95 399 1067 480; baseline 0.003 -19"><span class='ocrx_word' id='word_1_7' title='bbox 95 406 239 480; x_wconf 78' lang='lat' dir='ltr'>quartum</span> <span class='ocrx_word' id='word_1_8' title='bbox 259 400 375 478; x_wconf 86' lang='lat' dir='ltr'>signum</span> <span class='ocrx_word' id='word_1_9' title='bbox 391 401 526 477; x_wconf 87' lang='lat' dir='ltr'>pervenit</span> <span class='ocrx_word' id='word_1_10' title='bbox 546 407 574 460; x_wconf 90' lang='lat' dir='ltr'>et</span> <span class='ocrx_word' id='word_1_11' title='bbox 589 400 686 462; x_wconf 89' lang='lat' dir='ltr'>media</span> <span class='ocrx_word' id='word_1_12' title='bbox 706 400 764 461; x_wconf 95' lang='lat' dir='ltr'>duo</span> <span class='ocrx_word' id='word_1_13' title='bbox 786 407 869 470; x_wconf 86' lang='lat' dir='ltr'>sunt,</span> <span class='ocrx_word' id='word_1_14' title='bbox 895 400 973 462; x_wconf 85' lang='lat' dir='ltr'>videt</span> <span class='ocrx_word' id='word_1_15' title='bbox 987 399 1067 464; x_wconf 85' lang='grc' dir='ltr'>κατὰ</span> 
     </span>
     <span class='ocr_line' id='line_1_3' title="bbox 95 482 1170 564; baseline -0.001 -15"><span class='ocrx_word' id='word_1_16' title='bbox 95 482 320 562; x_wconf 85' lang='grc' dir='ltr'>τετράγωνον,</span> <span class='ocrx_word' id='word_1_17' title='bbox 351 485 490 563; x_wconf 89' lang='lat' dir='ltr'>quoniam</span> <span class='ocrx_word' id='word_1_18' title='bbox 516 482 592 546; x_wconf 90' lang='lat' dir='ltr'>linea</span> <span class='ocrx_word' id='word_1_19' title='bbox 620 483 681 552; x_wconf 88' lang='lat' dir='ltr'>dia,</span> <span class='ocrx_word' id='word_1_20' title='bbox 713 501 770 564; x_wconf 88' lang='lat' dir='ltr'>qua</span> <span class='ocrx_word' id='word_1_21' title='bbox 800 485 878 546; x_wconf 90' lang='lat' dir='ltr'>visus</span> <span class='ocrx_word' id='word_1_22' title='bbox 907 485 1065 564; x_wconf 81' lang='lat' dir='ltr'>pertendit,</span> <span class='ocrx_word' id='word_1_23' title='bbox 1167 539 1170 548; x_wconf 88' lang='lat'><em>.</em></span> 
     </span>
     <span class='ocr_line' id='line_1_4' title="bbox 97 567 1100 649; baseline -0.001 -18"><span class='ocrx_word' id='word_1_24' title='bbox 97 575 237 648; x_wconf 77' lang='lat' dir='ltr'><strong>quartam</strong></span> <span class='ocrx_word' id='word_1_25' title='bbox 257 575 373 649; x_wconf 88' lang='lat' dir='ltr'>partem</span> <span class='ocrx_word' id='word_1_26' title='bbox 396 568 477 628; x_wconf 88' lang='lat' dir='ltr'>orbis</span> <span class='ocrx_word' id='word_1_27' title='bbox 498 567 630 630; x_wconf 81' lang='lat' dir='ltr'>abscidit.</span> <span class='ocrx_word' id='word_1_28' title='bbox 662 586 729 630; x_wconf 94' lang='lat' dir='ltr'>cum</span> <span class='ocrx_word' id='word_1_29' title='bbox 745 570 774 629; x_wconf 94' lang='lat' dir='ltr'>in</span> <span class='ocrx_word' id='word_1_30' title='bbox 790 571 892 647; x_wconf 84' lang='lat' dir='ltr'>quinto</span> <span class='ocrx_word' id='word_1_31' title='bbox 908 576 1006 632; x_wconf 92' lang='lat' dir='ltr'>autem</span> <span class='ocrx_word' id='word_1_32' title='bbox 1023 577 1067 632; x_wconf 90' lang='lat' dir='ltr'>est</span> <span class='ocrx_word' id='word_1_33' title='bbox 1084 581 1100 630; x_wconf 83' lang='lat'>9</span> 
     </span>
     <span class='ocr_line' id='line_1_5' title="bbox 96 650 1064 733; baseline -0.002 -17"><span class='ocrx_word' id='word_1_34' title='bbox 96 654 195 716; x_wconf 91' lang='lat' dir='ltr'>tribus</span> <span class='ocrx_word' id='word_1_35' title='bbox 220 652 462 714; x_wconf 84' lang='lat' dir='ltr'>interiacentibus</span> <span class='ocrx_word' id='word_1_36' title='bbox 488 653 609 723; x_wconf 88' lang='lat' dir='ltr'>mediis,</span> <span class='ocrx_word' id='word_1_37' title='bbox 647 651 727 716; x_wconf 85' lang='grc' dir='ltr'><em>κατὰ</em></span> <span class='ocrx_word' id='word_1_38' title='bbox 753 650 913 730; x_wconf 84' lang='grc' dir='ltr'>τρίγωνον</span> <span class='ocrx_word' id='word_1_39' title='bbox 947 655 1064 733; x_wconf 80' lang='lat' dir='ltr'>aspicit:</span> 
     </span>
     <span class='ocr_line' id='line_1_6' title="bbox 61 736 1065 818; baseline 0.002 -20"><span class='ocrx_word' id='word_1_40' title='bbox 61 748 166 800; x_wconf 77' lang='lat' dir='ltr'>onam</span> <span class='ocrx_word' id='word_1_41' title='bbox 194 739 311 800; x_wconf 80' lang='lat' dir='ltr'>tertiam</span> <span class='ocrx_word' id='word_1_42' title='bbox 337 737 469 814; x_wconf 77' lang='lat' dir='ltr'>signiferi</span> <span class='ocrx_word' id='word_1_43' title='bbox 495 744 611 817; x_wconf 90' lang='lat' dir='ltr'>partem</span> <span class='ocrx_word' id='word_1_44' title='bbox 637 741 715 799; x_wconf 90' lang='lat' dir='ltr'>visus</span> <span class='ocrx_word' id='word_1_45' title='bbox 740 736 790 799; x_wconf 93' lang='lat' dir='ltr'>ille</span> <span class='ocrx_word' id='word_1_46' title='bbox 815 739 944 799; x_wconf 85' lang='lat' dir='ltr'>metitur.</span> <span class='ocrx_word' id='word_1_47' title='bbox 990 756 1065 818; x_wconf 89' lang='lat' dir='ltr'>quae</span> 
     </span>
     <span class='ocr_line' id='line_1_7' title="bbox 98 821 1065 902; baseline -0.002 -18"><span class='ocrx_word' id='word_1_48' title='bbox 98 823 175 884; x_wconf 87' lang='lat' dir='ltr'>duee</span> <span class='ocrx_word' id='word_1_49' title='bbox 195 823 323 883; x_wconf 80' lang='lat' dir='ltr'>visiones</span> <span class='ocrx_word' id='word_1_50' title='bbox 342 823 491 900; x_wconf 87' lang='lat' dir='ltr'>tetragoni</span> <span class='ocrx_word' id='word_1_51' title='bbox 517 828 547 882; x_wconf 89' lang='lat' dir='ltr'>et</span> <span class='ocrx_word' id='word_1_52' title='bbox 568 823 677 900; x_wconf 88' lang='lat' dir='ltr'>trigoni</span> <span class='ocrx_word' id='word_1_53' title='bbox 700 839 844 902; x_wconf 90' lang='lat' dir='ltr'>perquam</span> <span class='ocrx_word' id='word_1_54' title='bbox 865 821 1000 884; x_wconf 86' lang='lat' dir='ltr'>eifioaces</span> <span class='ocrx_word' id='word_1_55' title='bbox 1020 825 1065 883; x_wconf 91' lang='lat' dir='ltr'>in·</span> 
     </span>
    </p>

    <p class='ocr_par' dir='ltr' id='par_1_3' title="bbox 29 903 1117 1156">
     <span class='ocr_line' id='line_1_8' title="bbox 29 903 1117 985; baseline -0.002 -15"><span class='ocrx_word' id='word_1_56' title='bbox 29 955 38 970; x_wconf 69' lang='grc'>,</span> <span class='ocrx_word' id='word_1_57' title='bbox 99 914 286 969; x_wconf 83' lang='lat' dir='ltr'>crementum</span> <span class='ocrx_word' id='word_1_58' title='bbox 303 913 407 985; x_wconf 90' lang='lat' dir='ltr'>partus</span> <span class='ocrx_word' id='word_1_59' title='bbox 423 903 549 967; x_wconf 88' lang='lat' dir='ltr'>multum</span> <span class='ocrx_word' id='word_1_60' title='bbox 571 905 790 968; x_wconf 87' lang='lat' dir='ltr'>adminiculant.</span> <span class='ocrx_word' id='word_1_61' title='bbox 821 917 953 969; x_wconf 85' lang='lat' dir='ltr'>ceterum</span> <span class='ocrx_word' id='word_1_62' title='bbox 968 927 984 969; x_wconf 96' lang='lat' dir='ltr'>a</span> <span class='ocrx_word' id='word_1_63' title='bbox 1000 906 1065 966; x_wconf 92' lang='lat' dir='ltr'>loco</span> <span class='ocrx_word' id='word_1_64' title='bbox 1085 918 1117 968; x_wconf 92' lang='lat'>10</span> 
     </span>
     <span class='ocr_line' id='line_1_9' title="bbox 98 990 1066 1070; baseline -0.001 -18"><span class='ocrx_word' id='word_1_65' title='bbox 98 998 182 1053; x_wconf 84' lang='lat' dir='ltr'>sexto</span> <span class='ocrx_word' id='word_1_66' title='bbox 206 998 381 1070; x_wconf 85' lang='lat' dir='ltr'>conspectus</span> <span class='ocrx_word' id='word_1_67' title='bbox 402 991 483 1050; x_wconf 92' lang='lat' dir='ltr'>omui</span> <span class='ocrx_word' id='word_1_68' title='bbox 504 997 586 1052; x_wconf 89' lang='lat' dir='ltr'>caret</span> <span class='ocrx_word' id='word_1_69' title='bbox 607 991 778 1052; x_wconf 85' lang='lat' dir='ltr'>efficientia:</span> <span class='ocrx_word' id='word_1_70' title='bbox 803 993 865 1053; x_wconf 90' lang='lat' dir='ltr'>eius</span> <span class='ocrx_word' id='word_1_71' title='bbox 887 993 966 1052; x_wconf 92' lang='lat' dir='ltr'>enim</span> <span class='ocrx_word' id='word_1_72' title='bbox 988 990 1066 1051; x_wconf 89' lang='lat' dir='ltr'>linea</span> 
     </span>
     <span class='ocr_line' id='line_1_10' title="bbox 99 1073 1066 1156; baseline -0.001 -19"><span class='ocrx_word' id='word_1_73' title='bbox 99 1075 209 1138; x_wconf 85' lang='lat' dir='ltr'>nullius</span> <span class='ocrx_word' id='word_1_74' title='bbox 229 1074 369 1155; x_wconf 77' lang='lat' dir='ltr'>polygoni</span> <span class='ocrx_word' id='word_1_75' title='bbox 390 1075 480 1136; x_wconf 89' lang='lat' dir='ltr'>eiiioit</span> <span class='ocrx_word' id='word_1_76' title='bbox 499 1073 584 1136; x_wconf 86' lang='lat' dir='ltr'>latus.</span> <span class='ocrx_word' id='word_1_77' title='bbox 628 1082 657 1135; x_wconf 88' lang='lat' dir='ltr'>at</span> <span class='ocrx_word' id='word_1_78' title='bbox 677 1095 694 1136; x_wconf 90' lang='lat' dir='ltr'>a</span> <span class='ocrx_word' id='word_1_79' title='bbox 713 1077 839 1154; x_wconf 89' lang='lat' dir='ltr'>septimo</span> <span class='ocrx_word' id='word_1_80' title='bbox 860 1077 959 1146; x_wconf 84' lang='lat' dir='ltr'>nodio,</span> <span class='ocrx_word' id='word_1_81' title='bbox 986 1076 1066 1156; x_wconf 87' lang='lat' dir='ltr'>quod</span> 
     </span>
    </p>

    <p class='ocr_par' dir='ltr' id='par_1_4' title="bbox 47 1158 1115 1576">
     <span class='ocr_line' id='line_1_11' title="bbox 47 1158 1066 1238; baseline 0.002 -21"><span class='ocrx_word' id='word_1_82' title='bbox 47 1169 79 1219; x_wconf 91' lang='lat'>10</span> <span class='ocrx_word' id='word_1_83' title='bbox 99 1169 144 1222; x_wconf 88' lang='lat' dir='ltr'>est</span> <span class='ocrx_word' id='word_1_84' title='bbox 159 1161 357 1230; x_wconf 87' lang='lat' dir='ltr'>contrarium,</span> <span class='ocrx_word' id='word_1_85' title='bbox 379 1158 567 1237; x_wconf 90' lang='lat' dir='ltr'>plenissimus</span> <span class='ocrx_word' id='word_1_86' title='bbox 587 1161 867 1238; x_wconf 88' lang='lat' dir='ltr'>potentissimusque</span> <span class='ocrx_word' id='word_1_87' title='bbox 888 1167 1066 1238; x_wconf 88' lang='lat' dir='ltr'>conspectus</span> 
     </span>
     <span class='ocr_line' id='line_1_12' title="bbox 99 1243 1065 1326; baseline -0.004 -18"><span class='ocrx_word' id='word_1_88' title='bbox 99 1245 242 1326; x_wconf 90' lang='lat' dir='ltr'>quosdam</span> <span class='ocrx_word' id='word_1_89' title='bbox 263 1245 322 1305; x_wconf 91' lang='lat' dir='ltr'>iam</span> <span class='ocrx_word' id='word_1_90' title='bbox 338 1250 470 1304; x_wconf 91' lang='lat' dir='ltr'>maturos</span> <span class='ocrx_word' id='word_1_91' title='bbox 484 1243 612 1304; x_wconf 83' lang='lat' dir='ltr'>inientes</span> <span class='ocrx_word' id='word_1_92' title='bbox 627 1243 740 1314; x_wconf 86' lang='lat' dir='ltr'>educit,</span> <span class='ocrx_word' id='word_1_93' title='bbox 762 1245 812 1323; x_wconf 86' lang='lat' dir='ltr'>qui</span> <span class='ocrx_word' id='word_1_94' title='bbox 826 1251 1065 1322; x_wconf 87' lang='lat' dir='ltr'>septemmestres</span> 
     </span>
     <span class='ocr_line' id='line_1_13' title="bbox 98 1329 1115 1409; baseline -0.002 -19"><span class='ocrx_word' id='word_1_95' title='bbox 98 1329 301 1409; x_wconf 85' lang='lat' dir='ltr'>appellantur,</span> <span class='ocrx_word' id='word_1_96' title='bbox 325 1330 394 1408; x_wconf 90' lang='lat' dir='ltr'>quia</span> <span class='ocrx_word' id='word_1_97' title='bbox 414 1329 539 1408; x_wconf 92' lang='lat' dir='ltr'>septimo</span> <span class='ocrx_word' id='word_1_98' title='bbox 562 1345 665 1389; x_wconf 89' lang='lat' dir='ltr'>mense</span> <span class='ocrx_word' id='word_1_99' title='bbox 687 1335 859 1390; x_wconf 88' lang='lat' dir='ltr'>nascuntur.</span> <span class='ocrx_word' id='word_1_100' title='bbox 905 1336 934 1388; x_wconf 92' lang='lat' dir='ltr'>at</span> <span class='ocrx_word' id='word_1_101' title='bbox 948 1330 974 1388; x_wconf 92' lang='lat' dir='ltr'>si</span> <span class='ocrx_word' id='word_1_102' title='bbox 988 1329 1065 1388; x_wconf 90' lang='lat' dir='ltr'>intra</span> <span class='ocrx_word' id='word_1_103' title='bbox 1085 1340 1115 1388; x_wconf 87' lang='lat'>11</span> 
     </span>
     <span class='ocr_line' id='line_1_14' title="bbox 98 1414 1065 1492; baseline -0.004 -17"><span class='ocrx_word' id='word_1_104' title='bbox 98 1415 155 1475; x_wconf 90' lang='lat' dir='ltr'>hoo</span> <span class='ocrx_word' id='word_1_105' title='bbox 184 1414 312 1492; x_wconf 92' lang='lat' dir='ltr'>spatium</span> <span class='ocrx_word' id='word_1_106' title='bbox 342 1419 542 1473; x_wconf 86' lang='lat' dir='ltr'>maturescere</span> <span class='ocrx_word' id='word_1_107' title='bbox 571 1419 674 1474; x_wconf 86' lang='lat' dir='ltr'>uterus</span> <span class='ocrx_word' id='word_1_108' title='bbox 703 1430 762 1472; x_wconf 94' lang='lat' dir='ltr'>non</span> <span class='ocrx_word' id='word_1_109' title='bbox 788 1414 931 1492; x_wconf 87' lang='lat' dir='ltr'>potuerit,</span> <span class='ocrx_word' id='word_1_110' title='bbox 963 1419 1065 1473; x_wconf 87' lang='lat' dir='ltr'>octavo</span> 
     </span>
     <span class='ocr_line' id='line_1_15' title="bbox 98 1495 1064 1576; baseline -0.003 -17"><span class='ocrx_word' id='word_1_111' title='bbox 98 1515 201 1560; x_wconf 90' lang='lat' dir='ltr'>mense</span> <span class='ocrx_word' id='word_1_112' title='bbox 222 1515 283 1559; x_wconf 91' lang='lat' dir='ltr'>non</span> <span class='ocrx_word' id='word_1_113' title='bbox 305 1497 401 1559; x_wconf 88' lang='lat' dir='ltr'>editur</span> <span class='ocrx_word' id='word_1_114' title='bbox 429 1495 475 1576; x_wconf 85' lang='lat' dir='ltr'>(ab</span> <span class='ocrx_word' id='word_1_115' title='bbox 498 1504 601 1558; x_wconf 86' lang='lat' dir='ltr'>octavo</span> <span class='ocrx_word' id='word_1_116' title='bbox 625 1498 702 1558; x_wconf 92' lang='lat' dir='ltr'>enim</span> <span class='ocrx_word' id='word_1_117' title='bbox 724 1499 809 1576; x_wconf 87' lang='lat' dir='ltr'>signo</span> <span class='ocrx_word' id='word_1_118' title='bbox 831 1505 864 1558; x_wconf 94' lang='lat' dir='ltr'>ut</span> <span class='ocrx_word' id='word_1_119' title='bbox 884 1515 899 1558; x_wconf 92' lang='lat' dir='ltr'>a</span> <span class='ocrx_word' id='word_1_120' title='bbox 916 1503 998 1557; x_wconf 82' lang='lat' dir='ltr'>sexto</span> <span class='ocrx_word' id='word_1_121' title='bbox 1019 1496 1064 1556; x_wconf 90' lang='lat' dir='ltr'>in·</span> 
     </span>
    </p>

    <p class='ocr_par' dir='ltr' id='par_1_5' title="bbox 48 1580 1162 1998">
     <span class='ocr_line' id='line_1_16' title="bbox 48 1580 1114 1660; baseline -0.002 -19"><span class='ocrx_word' id='word_1_122' title='bbox 48 1592 80 1641; x_wconf 80' lang='lat'>15</span> <span class='ocrx_word' id='word_1_123' title='bbox 99 1583 204 1646; x_wconf 84' lang='lat' dir='ltr'>eiiioax</span> <span class='ocrx_word' id='word_1_124' title='bbox 226 1580 330 1660; x_wconf 84' lang='lat' dir='ltr'>visus),</span> <span class='ocrx_word' id='word_1_125' title='bbox 354 1581 407 1642; x_wconf 90' lang='lat' dir='ltr'>sed</span> <span class='ocrx_word' id='word_1_126' title='bbox 423 1580 466 1641; x_wconf 88' lang='lat' dir='ltr'>vel</span> <span class='ocrx_word' id='word_1_127' title='bbox 482 1598 562 1642; x_wconf 92' lang='lat' dir='ltr'>nono</span> <span class='ocrx_word' id='word_1_128' title='bbox 578 1599 681 1643; x_wconf 89' lang='lat' dir='ltr'>mense</span> <span class='ocrx_word' id='word_1_129' title='bbox 702 1581 748 1642; x_wconf 89' lang='lat' dir='ltr'>rel</span> <span class='ocrx_word' id='word_1_130' title='bbox 765 1581 889 1642; x_wconf 89' lang='lat' dir='ltr'>decimo.</span> <span class='ocrx_word' id='word_1_131' title='bbox 921 1580 965 1640; x_wconf 92' lang='lat' dir='ltr'>sol</span> <span class='ocrx_word' id='word_1_132' title='bbox 987 1581 1064 1642; x_wconf 90' lang='lat' dir='ltr'>enim</span> <span class='ocrx_word' id='word_1_133' title='bbox 1084 1591 1114 1639; x_wconf 85' lang='grc'>12</span> 
     </span>
     <span class='ocr_line' id='line_1_17' title="bbox 98 1663 1065 1744; baseline -0.004 -16"><span class='ocrx_word' id='word_1_134' title='bbox 98 1686 115 1728; x_wconf 91' lang='lat' dir='ltr'>a</span> <span class='ocrx_word' id='word_1_135' title='bbox 136 1685 216 1728; x_wconf 93' lang='lat' dir='ltr'>nono</span> <span class='ocrx_word' id='word_1_136' title='bbox 242 1666 328 1726; x_wconf 86' lang='lat' dir='ltr'>zodio</span> <span class='ocrx_word' id='word_1_137' title='bbox 349 1663 524 1744; x_wconf 85' lang='lat' dir='ltr'>particulam</span> <span class='ocrx_word' id='word_1_138' title='bbox 553 1665 754 1744; x_wconf 87' lang='lat' dir='ltr'>conceptionis</span> <span class='ocrx_word' id='word_1_139' title='bbox 775 1682 894 1726; x_wconf 92' lang='lat' dir='ltr'>rursum</span> <span class='ocrx_word' id='word_1_140' title='bbox 922 1665 1065 1743; x_wconf 87' lang='lat' dir='ltr'>conspicit</span> 
     </span>
     <span class='ocr_line' id='line_1_18' title="bbox 96 1748 1065 1830; baseline -0.01 -13"><span class='ocrx_word' id='word_1_141' title='bbox 96 1751 177 1816; x_wconf 87' lang='grc' dir='ltr'><strong><em>κατὰ</em></strong></span> <span class='ocrx_word' id='word_1_142' title='bbox 191 1749 351 1830; x_wconf 84' lang='grc' dir='ltr'>τρίγωνον</span> <span class='ocrx_word' id='word_1_143' title='bbox 373 1756 402 1810; x_wconf 90' lang='lat' dir='ltr'>et</span> <span class='ocrx_word' id='word_1_144' title='bbox 422 1749 570 1811; x_wconf 82' lang='lat' dir='ltr'>odecimo</span> <span class='ocrx_word' id='word_1_145' title='bbox 589 1749 669 1813; x_wconf 85' lang='grc' dir='ltr'>κατὰ</span> <span class='ocrx_word' id='word_1_146' title='bbox 682 1748 905 1827; x_wconf 86' lang='grc' dir='ltr'>τετράγωνον;</span> <span class='ocrx_word' id='word_1_147' title='bbox 929 1749 980 1826; x_wconf 87' lang='lat' dir='ltr'>qui</span> <span class='ocrx_word' id='word_1_148' title='bbox 995 1765 1065 1808; x_wconf 90' lang='lat' dir='ltr'>oon·</span> 
     </span>
     <span class='ocr_line' id='line_1_19' title="bbox 98 1832 1162 1916; baseline -0.005 -18"><span class='ocrx_word' id='word_1_149' title='bbox 98 1845 234 1916; x_wconf 87' lang='lat' dir='ltr'>spectus,</span> <span class='ocrx_word' id='word_1_150' title='bbox 250 1843 283 1896; x_wconf 88' lang='lat' dir='ltr'>ut</span> <span class='ocrx_word' id='word_1_151' title='bbox 298 1851 387 1913; x_wconf 88' lang='lat' dir='ltr'>supra</span> <span class='ocrx_word' id='word_1_152' title='bbox 401 1836 460 1896; x_wconf 91' lang='lat' dir='ltr'>iarn</span> <span class='ocrx_word' id='word_1_153' title='bbox 476 1833 587 1895; x_wconf 87' lang='lat' dir='ltr'>dictum</span> <span class='ocrx_word' id='word_1_154' title='bbox 604 1845 663 1904; x_wconf 89' lang='lat' dir='ltr'>est,</span> <span class='ocrx_word' id='word_1_155' title='bbox 679 1853 823 1915; x_wconf 89' lang='lat' dir='ltr'>perquam</span> <span class='ocrx_word' id='word_1_156' title='bbox 838 1840 907 1895; x_wconf 91' lang='lat' dir='ltr'>sunt</span> <span class='ocrx_word' id='word_1_157' title='bbox 922 1832 1064 1894; x_wconf 84' lang='lat' dir='ltr'>efficaces.</span> <span class='ocrx_word' id='word_1_158' title='bbox 1156 1869 1162 1874; x_wconf 59' lang='lat'><strong><em>„</em></strong></span> 
     </span>
     <span class='ocr_line' id='line_1_20' title="bbox 98 1918 1115 1998; baseline -0.007 -15"><span class='ocrx_word' id='word_1_159' title='bbox 98 1928 231 1983; x_wconf 87' lang='lat' dir='ltr'>ceterum</span> <span class='ocrx_word' id='word_1_160' title='bbox 252 1919 409 1982; x_wconf 87' lang='lat' dir='ltr'>undecimo</span> <span class='ocrx_word' id='word_1_161' title='bbox 431 1935 491 1979; x_wconf 91' lang='lat' dir='ltr'>non</span> <span class='ocrx_word' id='word_1_162' title='bbox 511 1926 615 1998; x_wconf 87' lang='lat' dir='ltr'>putant</span> <span class='ocrx_word' id='word_1_163' title='bbox 635 1920 731 1990; x_wconf 85' lang='lat' dir='ltr'>nasei,</span> <span class='ocrx_word' id='word_1_164' title='bbox 759 1921 827 1997; x_wconf 90' lang='lat' dir='ltr'>quia</span> <span class='ocrx_word' id='word_1_165' title='bbox 848 1918 986 1997; x_wconf 90' lang='lat' dir='ltr'>languido</span> <span class='ocrx_word' id='word_1_166' title='bbox 1006 1919 1064 1979; x_wconf 89' lang='lat' dir='ltr'>iam</span> <span class='ocrx_word' id='word_1_167' title='bbox 1083 1929 1115 1977; x_wconf 84' lang='lat'>13</span> 
     </span>
    </p>

    <p class='ocr_par' dir='ltr' id='par_1_6' title="bbox 45 2001 1065 2336">
     <span class='ocr_line' id='line_1_21' title="bbox 45 2001 1065 2077; baseline -0.001 -14"><span class='ocrx_word' id='word_1_168' title='bbox 45 2016 81 2064; x_wconf 80' lang='lat'>20</span> <span class='ocrx_word' id='word_1_169' title='bbox 99 2005 186 2066; x_wconf 85' lang='lat' dir='ltr'>radio</span> <span class='ocrx_word' id='word_1_170' title='bbox 209 2005 358 2065; x_wconf 86' lang='lat' dir='ltr'>infirmum</span> <span class='ocrx_word' id='word_1_171' title='bbox 381 2001 482 2065; x_wconf 92' lang='lat' dir='ltr'>lumen</span> <span class='ocrx_word' id='word_1_172' title='bbox 504 2001 584 2066; x_wconf 88' lang='grc' dir='ltr'><strong>κατὰ</strong></span> <span class='ocrx_word' id='word_1_173' title='bbox 606 2001 772 2077; x_wconf 81' lang='grc' dir='ltr'>ἑξάγωνον</span> <span class='ocrx_word' id='word_1_174' title='bbox 793 2005 942 2071; x_wconf 65' lang='lat' dir='ltr'>mitratum</span> <span class='ocrx_word' id='word_1_175' title='bbox 971 2001 1065 2064; x_wconf 88' lang='lat' dir='ltr'>multo</span> 
     </span>
     <span class='ocr_line' id='line_1_22' title="bbox 99 2085 1063 2167; baseline -0.007 -15"><span class='ocrx_word' id='word_1_176' title='bbox 99 2091 199 2152; x_wconf 91' lang='lat' dir='ltr'>minus</span> <span class='ocrx_word' id='word_1_177' title='bbox 220 2089 407 2156; x_wconf 89' lang='lat' dir='ltr'>duodecimo,</span> <span class='ocrx_word' id='word_1_178' title='bbox 437 2086 516 2148; x_wconf 91' lang='lat' dir='ltr'>unde</span> <span class='ocrx_word' id='word_1_179' title='bbox 539 2094 715 2165; x_wconf 87' lang='lat' dir='ltr'>conspectus</span> <span class='ocrx_word' id='word_1_180' title='bbox 741 2105 797 2167; x_wconf 93' lang='lat' dir='ltr'>pro</span> <span class='ocrx_word' id='word_1_181' title='bbox 827 2085 907 2147; x_wconf 94' lang='lat' dir='ltr'>nullo</span> <span class='ocrx_word' id='word_1_182' title='bbox 928 2085 1063 2148; x_wconf 89' lang='lat' dir='ltr'>habetur.</span> 
     </span>
     <span class='ocr_line' id='line_1_23' title="bbox 97 2169 1065 2254; baseline -0.008 -17"><span class='ocrx_word' id='word_1_183' title='bbox 97 2178 200 2254; x_wconf 89' lang='lat' dir='ltr'>itaque</span> <span class='ocrx_word' id='word_1_184' title='bbox 229 2173 390 2236; x_wconf 87' lang='lat' dir='ltr'>secundum</span> <span class='ocrx_word' id='word_1_185' title='bbox 419 2172 498 2233; x_wconf 90' lang='lat' dir='ltr'>hano</span> <span class='ocrx_word' id='word_1_186' title='bbox 527 2172 669 2232; x_wconf 88' lang='lat' dir='ltr'>rationem</span> <span class='ocrx_word' id='word_1_187' title='bbox 700 2169 875 2248; x_wconf 87' lang='grc' dir='ltr'>ἑπτάμηνοι</span> <span class='ocrx_word' id='word_1_188' title='bbox 902 2177 1065 2230; x_wconf 86' lang='lat' dir='ltr'>nascuntur</span> 
     </span>
     <span class='ocr_line' id='line_1_24' title="bbox 98 2252 1064 2336; baseline -0.008 -13"><span class='ocrx_word' id='word_1_189' title='bbox 98 2257 179 2324; x_wconf 87' lang='grc' dir='ltr'><em>κατὰ</em></span> <span class='ocrx_word' id='word_1_190' title='bbox 194 2255 378 2336; x_wconf 84' lang='grc' dir='ltr'>διάμετρον,</span> <span class='ocrx_word' id='word_1_191' title='bbox 401 2254 592 2334; x_wconf 85' lang='grc' dir='ltr'>ἐννεάμηνοι</span> <span class='ocrx_word' id='word_1_192' title='bbox 607 2263 706 2317; x_wconf 88' lang='lat' dir='ltr'>autem</span> <span class='ocrx_word' id='word_1_193' title='bbox 721 2255 802 2318; x_wconf 88' lang='grc' dir='ltr'>κατὰ</span> <span class='ocrx_word' id='word_1_194' title='bbox 815 2252 992 2333; x_wconf 85' lang='grc' dir='ltr'>τρίγωνον,</span> <span class='ocrx_word' id='word_1_195' title='bbox 1014 2256 1064 2316; x_wconf 81' lang='grc' dir='ltr'>δε-</span> 
     </span>
    </p>

    <p class='ocr_par' dir='ltr' id='par_1_7' title="bbox 62 2338 647 2423">
     <span class='ocr_line' id='line_1_25' title="bbox 62 2338 647 2423; baseline -0.007 -19"><span class='ocrx_word' id='word_1_196' title='bbox 62 2397 64 2404; x_wconf 80' lang='grc'>,</span> <span class='ocrx_word' id='word_1_197' title='bbox 98 2343 234 2423; x_wconf 86' lang='grc' dir='ltr'>κάμηνοι</span> <span class='ocrx_word' id='word_1_198' title='bbox 249 2359 321 2404; x_wconf 89' lang='lat' dir='ltr'>vero</span> <span class='ocrx_word' id='word_1_199' title='bbox 335 2339 415 2404; x_wconf 88' lang='grc' dir='ltr'><strong>κατὰ</strong></span> <span class='ocrx_word' id='word_1_200' title='bbox 429 2338 647 2418; x_wconf 86' lang='grc' dir='ltr'>τετράγωνον.</span> 
     </span>
    </p>

    <p class='ocr_par' dir='ltr' id='par_1_8' title="bbox 49 2423 1114 2765">
     <span class='ocr_line' id='line_1_26' title="bbox 49 2423 1114 2504; baseline 0.002 -20"><span class='ocrx_word' id='word_1_201' title='bbox 49 2437 81 2486; x_wconf 77' lang='grc'>25</span> <span class='ocrx_word' id='word_1_202' title='bbox 162 2429 225 2490; x_wconf 89' lang='lat' dir='ltr'>llac</span> <span class='ocrx_word' id='word_1_203' title='bbox 241 2425 455 2489; x_wconf 82' lang='lat' dir='ltr'>Chaldaeorum</span> <span class='ocrx_word' id='word_1_204' title='bbox 476 2427 621 2487; x_wconf 88' lang='lat' dir='ltr'>sententia</span> <span class='ocrx_word' id='word_1_205' title='bbox 637 2424 781 2503; x_wconf 85' lang='lat' dir='ltr'>explicata</span> <span class='ocrx_word' id='word_1_206' title='bbox 798 2432 917 2486; x_wconf 86' lang='lat' dir='ltr'>transeo</span> <span class='ocrx_word' id='word_1_207' title='bbox 938 2423 975 2484; x_wconf 88' lang='lat' dir='ltr'>ad</span> <span class='ocrx_word' id='word_1_208' title='bbox 998 2424 1060 2504; x_wconf 92' lang='lat' dir='ltr'>opi·</span> <span class='ocrx_word' id='word_1_209' title='bbox 1094 2427 1114 2486; x_wconf 87' lang='grc'>9</span> 
     </span>
     <span class='ocr_line' id='line_1_27' title="bbox 98 2508 1064 2591; baseline -0.007 -16"><span class='ocrx_word' id='word_1_210' title='bbox 98 2516 219 2575; x_wconf 92' lang='lat' dir='ltr'>nionem</span> <span class='ocrx_word' id='word_1_211' title='bbox 234 2511 460 2591; x_wconf 77' lang='lat' dir='ltr'>Pythagoricam</span> <span class='ocrx_word' id='word_1_212' title='bbox 480 2509 605 2571; x_wconf 89' lang='lat' dir='ltr'>Varroni</span> <span class='ocrx_word' id='word_1_213' title='bbox 619 2517 773 2571; x_wconf 86' lang='lat' dir='ltr'>tractatam</span> <span class='ocrx_word' id='word_1_214' title='bbox 794 2510 825 2570; x_wconf 91' lang='lat' dir='ltr'>in</span> <span class='ocrx_word' id='word_1_215' title='bbox 845 2508 922 2569; x_wconf 90' lang='lat' dir='ltr'>libro</span> <span class='ocrx_word' id='word_1_216' title='bbox 943 2509 992 2588; x_wconf 89' lang='lat' dir='ltr'>qui</span> <span class='ocrx_word' id='word_1_217' title='bbox 1015 2525 1064 2568; x_wconf 90' lang='lat' dir='ltr'>vo·</span> 
     </span>
     <span class='ocr_line' id='line_1_28' title="bbox 99 2593 1063 2672; baseline -0.008 -12"><span class='ocrx_word' id='word_1_218' title='bbox 99 2605 182 2660; x_wconf 91' lang='lat' dir='ltr'>catur</span> <span class='ocrx_word' id='word_1_219' title='bbox 205 2596 325 2658; x_wconf 85' lang='lat' dir='ltr'>Tubero</span> <span class='ocrx_word' id='word_1_220' title='bbox 348 2601 377 2656; x_wconf 91' lang='lat' dir='ltr'>et</span> <span class='ocrx_word' id='word_1_221' title='bbox 396 2595 475 2656; x_wconf 87' lang='lat' dir='ltr'>intus</span> <span class='ocrx_word' id='word_1_222' title='bbox 496 2593 692 2656; x_wconf 88' lang='lat' dir='ltr'>subscribitur</span> <span class='ocrx_word' id='word_1_223' title='bbox 717 2594 754 2655; x_wconf 88' lang='lat' dir='ltr'>de</span> <span class='ocrx_word' id='word_1_224' title='bbox 779 2595 894 2672; x_wconf 83' lang='lat' dir='ltr'>origine</span> <span class='ocrx_word' id='word_1_225' title='bbox 920 2593 1063 2660; x_wconf 81' lang='lat' dir='ltr'>humana:</span> 
     </span>
     <span class='ocr_line' id='line_1_29' title="bbox 99 2679 1097 2765; baseline -0.008 -21"><span class='ocrx_word' id='word_1_226' title='bbox 99 2701 174 2763; x_wconf 88' lang='lat' dir='ltr'>quae</span> <span class='ocrx_word' id='word_1_227' title='bbox 190 2681 310 2760; x_wconf 89' lang='lat' dir='ltr'>quidem</span> <span class='ocrx_word' id='word_1_228' title='bbox 326 2681 400 2740; x_wconf 88' lang='lat' dir='ltr'>ratio</span> <span class='ocrx_word' id='word_1_229' title='bbox 415 2679 576 2758; x_wconf 86' lang='lat' dir='ltr'>praecipue</span> <span class='ocrx_word' id='word_1_230' title='bbox 590 2679 760 2756; x_wconf 90' lang='lat' dir='ltr'>recipienda</span> <span class='ocrx_word' id='word_1_231' title='bbox 776 2679 812 2738; x_wconf 92' lang='lat' dir='ltr'>ad</span> <span class='ocrx_word' id='word_1_232' title='bbox 827 2679 978 2765; x_wconf 81' lang='lat' dir='ltr'>veritatem</span> <span class='ocrx_word' id='word_1_233' title='bbox 993 2693 1063 2755; x_wconf 92' lang='lat' dir='ltr'>pro·</span> <span class='ocrx_word' id='word_1_234' title='bbox 1082 2687 1097 2736; x_wconf 86' lang='grc'>2</span> 
     </span>
    </p>
   </div>
   <div class='ocr_carea' id='block_1_3' title="bbox 98 2860 303 2870">
    <p class='ocr_par' dir='ltr' id='par_1_9' title="bbox 98 2860 303 2870">
     <span class='ocr_line' id='line_1_30' title="bbox 98 2860 303 2870; baseline -0.02 0"><span class='ocrx_word' id='word_1_235' title='bbox 98 2860 303 2870; x_wconf 75' lang='lat'>...-—-—-</span> 
     </span>
    </p>
   </div>
   <div class='ocr_carea' id='block_1_4' title="bbox 167 2960 1065 3033">
    <p class='ocr_par' dir='ltr' id='par_1_10' title="bbox 167 2960 1065 3033">
     <span class='ocr_line' id='line_1_31' title="bbox 167 2960 1065 3033; baseline -0.006 -14"><span class='ocrx_word' id='word_1_236' title='bbox 167 2971 191 3019; x_wconf 95' lang='grc'>2.</span> <span class='ocrx_word' id='word_1_237' title='bbox 216 2962 364 3033; x_wconf 82' lang='lat' dir='ltr'>quoniam]</span> <span class='ocrx_word' id='word_1_238' title='bbox 388 2968 430 3032; x_wconf 66' lang='lat' dir='ltr'>q‘rn</span> <span class='ocrx_word' id='word_1_239' title='bbox 453 2965 478 3014; x_wconf 90' lang='lat' dir='ltr'><em>D</em></span> <span class='ocrx_word' id='word_1_240' title='bbox 547 2965 572 3018; x_wconf 81' lang='grc'>6.</span> <span class='ocrx_word' id='word_1_241' title='bbox 595 2961 770 3028; x_wconf 88' lang='grc' dir='ltr'>τετράγωνοι</span> <span class='ocrx_word' id='word_1_242' title='bbox 793 2967 821 3015; x_wconf 91' lang='lat' dir='ltr'>et</span> <span class='ocrx_word' id='word_1_243' title='bbox 838 2960 972 3028; x_wconf 78' lang='grc' dir='ltr'>τρίγωνοι</span> <span class='ocrx_word' id='word_1_244' title='bbox 993 2966 1065 3030; x_wconf 79' lang='lat' dir='ltr'>vulgo</span> 
     </span>
    </p>
   </div>
   <div class='ocr_carea' id='block_1_5' title="bbox 99 3047 1066 3282">
    <p class='ocr_par' dir='ltr' id='par_1_11' title="bbox 99 3047 1066 3282">
     <span class='ocr_line' id='line_1_32' title="bbox 99 3047 1063 3148; baseline -0.007 -9"><span class='ocrx_word' id='word_1_245' title='bbox 99 3091 122 3140; x_wconf 86' lang='grc'>9.</span> <span class='ocrx_word' id='word_1_246' title='bbox 143 3101 261 3138; x_wconf 74' lang='lat' dir='ltr'>erucem</span> <span class='ocrx_word' id='word_1_247' title='bbox 278 3085 335 3135; x_wconf 94' lang='lat' dir='ltr'>DV</span> <span class='ocrx_word' id='word_1_248' title='bbox 384 3047 764 3148; x_wconf 54' lang='lat' dir='ltr'>naoubuaraserrssepmmo</span> <span class='ocrx_word' id='word_1_249' title='bbox 786 3083 888 3133; x_wconf 86' lang='lat' dir='ltr'>Detd</span> <span class='ocrx_word' id='word_1_250' title='bbox 961 3083 1001 3132; x_wconf 88' lang='lat' dir='ltr'>ll.</span> <span class='ocrx_word' id='word_1_251' title='bbox 1021 3096 1063 3132; x_wconf 89' lang='lat' dir='ltr'>se·</span> 
     </span>
     <span class='ocr_line' id='line_1_33' title="bbox 99 3150 1066 3221; baseline -0.006 -15"><span class='ocrx_word' id='word_1_252' title='bbox 99 3160 174 3221; x_wconf 88' lang='lat' dir='ltr'>ptem</span> <span class='ocrx_word' id='word_1_253' title='bbox 192 3157 328 3206; x_wconf 87' lang='lat' dir='ltr'>menstres</span> <span class='ocrx_word' id='word_1_254' title='bbox 349 3153 375 3201; x_wconf 88' lang='lat' dir='ltr'><em>V</em></span> <span class='ocrx_word' id='word_1_255' title='bbox 442 3154 483 3203; x_wconf 88' lang='grc'>14.</span> <span class='ocrx_word' id='word_1_256' title='bbox 503 3153 603 3202; x_wconf 83' lang='lat' dir='ltr'>oetevo</span> <span class='ocrx_word' id='word_1_257' title='bbox 622 3150 676 3211; x_wconf 84' lang='lat' dir='ltr'>dV,</span> <span class='ocrx_word' id='word_1_258' title='bbox 695 3150 837 3202; x_wconf 79' lang='lat' dir='ltr'>ocresoD</span> <span class='ocrx_word' id='word_1_259' title='bbox 907 3151 948 3200; x_wconf 76' lang='lat'>17.</span> <span class='ocrx_word' id='word_1_260' title='bbox 966 3161 1066 3200; x_wconf 78' lang='lat' dir='ltr'>retrur-</span> 
     </span>
     <span class='ocr_line' id='line_1_34' title="bbox 100 3215 1065 3282; baseline -0.008 -9"><span class='ocrx_word' id='word_1_261' title='bbox 100 3238 154 3275; x_wconf 84' lang='lat' dir='ltr'>non</span> <span class='ocrx_word' id='word_1_262' title='bbox 171 3223 198 3273; x_wconf 94' lang='lat' dir='ltr'><em>D</em></span> <span class='ocrx_word' id='word_1_263' title='bbox 267 3233 452 3274; x_wconf 81' lang='lat' dir='ltr'>rerrorwnon</span> <span class='ocrx_word' id='word_1_264' title='bbox 470 3220 495 3269; x_wconf 93' lang='lat' dir='ltr'><em>D</em></span> <span class='ocrx_word' id='word_1_265' title='bbox 563 3220 605 3272; x_wconf 88' lang='grc'>20.</span> <span class='ocrx_word' id='word_1_266' title='bbox 629 3231 701 3268; x_wconf 74' lang='grc' dir='ltr'>κατα</span> <span class='ocrx_word' id='word_1_267' title='bbox 719 3219 866 3271; x_wconf 66' lang='lat' dir='ltr'>eiormnon</span> <span class='ocrx_word' id='word_1_268' title='bbox 885 3215 974 3282; x_wconf 77' lang='lat' dir='ltr'>(super</span> <span class='ocrx_word' id='word_1_269' title='bbox 992 3230 1005 3269; x_wconf 85' lang='lat' dir='ltr'>e</span> <span class='ocrx_word' id='word_1_270' title='bbox 1023 3231 1065 3266; x_wconf 86' lang='lat' dir='ltr'>re-</span> 
     </span>
    </p>
   </div>
   <div class='ocr_carea' id='block_1_6' title="bbox 74 3299 1066 3608">
    <p class='ocr_par' dir='ltr' id='par_1_12' title="bbox 102 3299 1064 3404">
     <span class='ocr_line' id='line_1_35' title="bbox 102 3299 1064 3404; baseline -0.006 -12"><span class='ocrx_word' id='word_1_271' title='bbox 102 3344 246 3392; x_wconf 78' lang='lat' dir='ltr'>centissima</span> <span class='ocrx_word' id='word_1_272' title='bbox 263 3357 294 3392; x_wconf 84' lang='lat' dir='ltr'>m.</span> <span class='ocrx_word' id='word_1_273' title='bbox 313 3341 374 3394; x_wconf 86' lang='lat' dir='ltr'>add.</span> <span class='ocrx_word' id='word_1_274' title='bbox 387 3337 410 3403; x_wconf 88' lang='lat'>‘)</span> <span class='ocrx_word' id='word_1_275' title='bbox 429 3337 469 3404; x_wconf 86' lang='lat' dir='ltr'>D,</span> <span class='ocrx_word' id='word_1_276' title='bbox 487 3299 688 3390; x_wconf 50' lang='lat' dir='ltr'>euroboruruon</span> <span class='ocrx_word' id='word_1_277' title='bbox 711 3337 739 3387; x_wconf 89' lang='lat' dir='ltr'><em>V</em></span> <span class='ocrx_word' id='word_1_278' title='bbox 754 3336 778 3399; x_wconf 83' lang='lat' dir='ltr'>(e</span> <span class='ocrx_word' id='word_1_279' title='bbox 797 3337 858 3390; x_wconf 83' lang='lat' dir='ltr'>add.</span> <span class='ocrx_word' id='word_1_280' title='bbox 878 3338 893 3386; x_wconf 90' lang='lat'><em>1</em></span> <span class='ocrx_word' id='word_1_281' title='bbox 910 3332 953 3398; x_wconf 88' lang='lat' dir='ltr'>m.)</span> <span class='ocrx_word' id='word_1_282' title='bbox 1022 3335 1064 3386; x_wconf 91' lang='grc'>22.</span> 
     </span>
    </p>

    <p class='ocr_par' dir='ltr' id='par_1_13' title="bbox 74 3401 1066 3608">
     <span class='ocr_line' id='line_1_36' title="bbox 74 3401 1065 3464; baseline -0.016 0"><span class='ocrx_word' id='word_1_283' title='bbox 74 3421 268 3464; x_wconf 74' lang='lat' dir='ltr'>‚eunomianos</span> <span class='ocrx_word' id='word_1_284' title='bbox 290 3409 347 3459; x_wconf 93' lang='lat' dir='ltr'>DV</span> <span class='ocrx_word' id='word_1_285' title='bbox 412 3404 765 3460; x_wconf 59' lang='lat' dir='ltr'>teneraemondani!</span> <span class='ocrx_word' id='word_1_286' title='bbox 833 3412 1023 3455; x_wconf 76' lang='lat' dir='ltr'>erneoaoenor</span> <span class='ocrx_word' id='word_1_287' title='bbox 1039 3401 1065 3449; x_wconf 90' lang='lat' dir='ltr'><em>D</em></span> 
     </span>
     <span class='ocr_line' id='line_1_37' title="bbox 101 3467 1066 3528; baseline -0.009 -2"><span class='ocrx_word' id='word_1_288' title='bbox 101 3489 283 3528; x_wconf 73' lang='lat' dir='ltr'>connumeror</span> <span class='ocrx_word' id='word_1_289' title='bbox 311 3489 383 3526; x_wconf 80' lang='lat' dir='ltr'>neno</span> <span class='ocrx_word' id='word_1_290' title='bbox 406 3476 431 3524; x_wconf 94' lang='lat' dir='ltr'><em>D</em></span> <span class='ocrx_word' id='word_1_291' title='bbox 499 3477 540 3526; x_wconf 82' lang='grc'>25.</span> <span class='ocrx_word' id='word_1_292' title='bbox 566 3472 752 3525; x_wconf 79' lang='lat' dir='ltr'>chunbeouum</span> <span class='ocrx_word' id='word_1_293' title='bbox 774 3471 830 3521; x_wconf 89' lang='lat' dir='ltr'>DV</span> <span class='ocrx_word' id='word_1_294' title='bbox 896 3471 938 3520; x_wconf 79' lang='grc'>27.</span> <span class='ocrx_word' id='word_1_295' title='bbox 966 3467 1066 3518; x_wconf 87' lang='lat' dir='ltr'>scribi-</span> 
     </span>
     <span class='ocr_line' id='line_1_38' title="bbox 101 3543 509 3608; baseline -0.005 -14"><span class='ocrx_word' id='word_1_296' title='bbox 101 3547 144 3594; x_wconf 83' lang='lat' dir='ltr'>tur</span> <span class='ocrx_word' id='word_1_297' title='bbox 166 3545 193 3594; x_wconf 89' lang='lat' dir='ltr'><em>V</em></span> <span class='ocrx_word' id='word_1_298' title='bbox 259 3545 301 3595; x_wconf 86' lang='grc'>28.</span> <span class='ocrx_word' id='word_1_299' title='bbox 321 3555 465 3608; x_wconf 81' lang='lat' dir='ltr'>peoxrmee</span> <span class='ocrx_word' id='word_1_300' title='bbox 484 3543 509 3592; x_wconf 95' lang='lat' dir='ltr'><em>D</em></span> 
     </span>
    </p>
   </div>
   <div class='ocr_carea' id='block_1_7' title="bbox 0 0 1296 4062">
    <p class='ocr_par' dir='ltr' id='par_1_14' title="bbox 0 0 1296 4062">
     <span class='ocr_line' id='line_1_39' title="bbox 0 0 1296 4062; baseline 0 0"><span class='ocrx_word' id='word_1_301' title='bbox 0 0 1296 4062; x_wconf 95' lang='lat' dir='ltr'> </span> 
     </span>
    </p>
   </div>
  </div>
 </body>
</html>
