2588 4066
433 253 639 306 ιιιιιιιιιιιιιι
661 255 737 304 cnr.
753 255 804 304 ιιι.
1062 241 1102 310 57

133 397 251 476 busque
274 393 430 474 antipodes
449 394 525 457 infra
545 393 649 476 sunt],
681 393 759 471 quod
787 400 821 456 ut
844 411 934 474 posse
960 394 1103 465 videatur,

134 481 269 543 efficiunt
281 479 377 542 flexus
392 478 636 558 obbquitatesque
652 487 810 546 terrarum.
833 476 1012 559 [autictoues
1026 479 1105 544 idem

134 574 164 627 et
178 565 345 628 antistocbe
360 571 390 626 et
404 565 553 640 antisrepe
567 561 784 644 nominantur]
968 635 972 641 .

197 649 303 727 Incipit
329 647 453 730 signifer
473 665 533 710 non
555 646 592 708 ab
618 653 752 709 extremo
778 646 891 709 circulo
912 666 968 710 nec
993 649 1032 713 ad
1052 667 1104 710 ex·

100 742 266 796 otrentum
286 733 483 814 pertenditur,
506 731 557 792 sed
580 731 616 796 ab
636 732 739 794 intimo
754 733 869 812 tropico
890 732 1011 794 australi
1030 732 1104 802 bru·

134 817 265 899 malique
293 817 398 882 eodem
418 834 473 896 per
500 815 745 893 aequinoctialem
770 816 808 877 ad
828 833 975 885 summum
998 816 1104 886 solisti-

134 903 236 966 tialem
266 901 453 981 eundemque
483 899 650 964 aestivalem
676 918 731 980 per
756 901 886 968 medinm
911 899 1105 979 longitudinis

124 985 359 1067 latitudinisque
387 991 544 1064 porrectus
573 989 606 1048 in
636 984 799 1064 obliquum.
844 985 947 1048 circuli
972 986 1138 1064 signiferis

136 1079 236 1150 partes
252 1084 381 1138 ccum.
403 1071 487 1150 signa
503 1069 676 1138 duodecim,
697 1071 827 1148 partium
842 1069 958 1148 singula
979 1072 1105 1132 tricena·

83 1171 118 1218 10
134 1174 218 1226 rum,
248 1173 376 1234 quorum
396 1155 542 1236 quaedam
562 1155 694 1223 minora,
725 1155 868 1231 quaedam
890 1153 1032 1233 ampliora
1054 1153 1106 1235 [et

54 1241 56 1246 '
136 1238 268 1318 tpoploa
287 1239 409 1302 anafora
433 1237 609 1318 dicuntur]:
638 1238 691 1300 sed
711 1238 901 1318 conpensatio
920 1243 952 1300 in
974 1241 1105 1319 quinque

136 1331 237 1403 partes
259 1324 390 1386 creditur
410 1323 566 1402 adplicari,
597 1330 630 1385 ut
649 1324 707 1386 sint
728 1341 833 1385 omues
854 1323 986 1400 signiferi
1006 1331 1105 1402 partes

136 1421 282 1472 cccmv.
312 1408 421 1474 borum
435 1408 605 1487 incipientia
621 1407 659 1471 ab
674 1408 766 1474 ariete
780 1406 872 1472 altera
887 1414 957 1475 sunt
972 1405 1104 1487 [mascu-

136 1492 204 1556 linis
230 1491 392 1574 femininis]
424 1487 623 1555 masculo'rum
651 1491 813 1561 natalibus,
844 1491 899 1555 alia
926 1492 1104 1555 feminarum

86 1591 119 1640 15
137 1578 351 1640 convenientia.
394 1578 466 1638 item
488 1583 628 1653 quartum
647 1574 785 1656 quodque
814 1594 916 1639 eorum
943 1584 995 1638 aut
1013 1577 1105 1656 tropi·
1123 1581 1138 1629 6

137 1679 205 1726 cum
227 1668 277 1726 aut
298 1660 425 1726 solidum
451 1667 502 1725 aut
522 1660 660 1728 biforme.
705 1660 829 1739 incipiet
849 1661 1045 1725 dinumeratio
1067 1659 1104 1720 ab

137 1748 246 1815 adele,
269 1746 348 1824 quod
364 1746 480 1822 signum
504 1746 652 1823 tropicum
668 1752 722 1806 ast.
758 1745 942 1824 tropioorum
959 1744 1017 1807 duo
1038 1752 1106 1807 sunt

138 1828 374 1910 aequinoctialia,
391 1835 473 1892 ories
488 1838 517 1892 et
530 1828 623 1900 libra,
641 1829 700 1891 duo
716 1827 896 1900 solistitialia,
913 1831 1107 1909 capricornus

138 1921 168 1976 et
180 1931 297 1985 cancer,
314 1915 436 1993 tropicis
451 1916 586 1994 proxima
602 1914 703 1985 solida,
720 1915 882 1992 anteposita
898 1913 943 1978 bis
959 1913 1104 1983 biformia.

87 2121 120 2170 20
290 2117 340 2167 Dr}
359 2115 512 2166 suanum
530 2113 627 2166 rixis
645 2112 948 2167 maturarimus.
1121 2105 1140 2164 3

203 2249 361 2316 Stellarum
387 2250 461 2314 aliae
488 2269 555 2312 oum
583 2250 665 2312 caelo
692 2250 843 2319 feruutur,
873 2249 999 2326 ideoque
1026 2247 1107 2328 quod

139 2352 199 2396 non
221 2335 367 2397 excedunt
388 2354 458 2398 suos
478 2334 561 2404 locos
582 2335 657 2397 fixae
678 2337 882 2405 nominantur,
909 2332 983 2396 aliae
1003 2343 1106 2396 contra

139 2461 343 2482 -ιᾸ-ι--ο-ι-ιι

206 2523 231 2571 2.
255 2523 332 2572 uoluit
352 2523 481 2587 plorantur
503 2520 698 2572 antichthones
719 2521 793 2572 idam
812 2524 841 2572 et
863 2519 1055 2571 antiatoecboe
1080 2523 1108 2569 et

140 2587 302 2654 antiscopoe
329 2588 507 2640 nominantur
574 2591 744 2644 anricroues
766 2589 805 2647 1),
836 2589 989 2638 abusiones
1016 2586 1044 2635 V

139 2658 163 2706 3.
183 2656 339 2707 untietoche
357 2655 384 2724 (q
396 2672 426 2705 m.
438 2656 505 2718 rec.)
529 2659 556 2706 et
574 2655 734 2721 antischepe
754 2655 781 2722 (q
792 2671 823 2706 m.
836 2653 901 2718 ree.)
923 2654 952 2704 V
1015 2655 1039 2703 5.
1059 2653 1107 2704 seb

139 2736 252 2774 *teranto
264 2724 296 2786 1),
317 2721 366 2774 sed
384 2723 418 2774 ab
437 2722 534 2773 intimo
546 2723 600 2785 dV,
619 2723 669 2773 sed
687 2725 721 2774 ab
739 2723 794 2772 imo
812 2726 883 2787 culpo
935 2721 1108 2784 brumamque

139 2789 376 2856 (brumdinras.)
390 2791 415 2839 D
483 2791 507 2841 6.
525 2789 700 2842 solstitialem
722 2791 746 2840 V
813 2789 838 2840 i.
857 2785 1107 2854 conqtrubotahrs

139 2857 340 2922 aautrubmtsq.
353 2859 378 2908 D
446 2859 472 2912 8.
485 2858 515 2908 ίιι
527 2859 617 2910 addidi
668 2857 799 2921 obliquae
809 2857 888 2910 cenot.
902 2855 1029 2918 (ferorum,
1040 2857 1107 2906 unde

141 2927 281 2979 Urfiebsius
299 2925 410 2990 oblique
463 2924 556 2975 aucun
578 2926 603 2974 V
607 2924 615 2958 ¹
634 2941 706 2976 corr.
723 2927 783 2977 m.2
852 2926 892 2976 11.
911 2938 1106 2989 popcoeana·

139 3008 213 3044 nona
231 2993 270 3055 J),
289 2992 371 3059 poplo
391 3008 463 3044 eane
482 2992 543 3042 fora
566 2994 602 3055 V,
621 2992 704 3058 polon
722 2989 864 3057 anaphora
882 2993 948 3042 coni.
968 2990 1109 3041 Hrlicbsiue

191 3061 352 3126 cinnami),
371 3060 467 3120 dicunt
489 3061 517 3110 V
562 3061 593 3110 in
610 3061 702 3112 addidi
769 3061 811 3110 12.
830 3058 973 3125 adplicata
994 3059 1020 3108 V
1034 3061 1107 3123 culpo

141 3129 186 3179 13.
204 3131 290 3178 anteit
305 3127 358 3193 (eti
375 3129 394 3178 d
404 3126 507 3188 iuras.)
526 3127 552 3176 D
622 3131 650 3178 et
666 3126 829 3178 masculinis
849 3126 960 3178 feminis
981 3126 1014 3188 V,
1033 3127 1107 3176 eiecit

142 3193 283 3252 Urlielaaiua
352 3198 391 3250 14.
409 3193 552 3250 natalibus
568 3196 647 3254 schot.
668 3195 761 3255 Geron,
779 3209 972 3246 naruaaumus
990 3193 1048 3244 DV

142 3264 183 3315 15.
201 3264 283 3326 partit
302 3265 339 3322 fin
356 3279 436 3329 mura,
454 3279 486 3318 m,
503 3278 555 3312 rec.
574 3262 686 3331 quarti)
705 3277 799 3314 eorum
817 3277 897 3327 quoq;
919 3263 947 3312 V
1012 3263 1052 3311 16.
1071 3274 1107 3309 ur

141 3329 273 3388 berosino
291 3331 329 3396 D,
358 3336 407 3382 aut
428 3330 550 3384 deforme
572 3331 640 3395 dV,
667 3345 737 3382 corr.
756 3330 880 3382 Gaucbias
949 3330 990 3380 18.
1013 3327 1108 3390 aequi·

141 3396 257 3448 noctiali
279 3399 306 3447 V
371 3399 445 3452 aries
468 3413 515 3450 om.
534 3399 591 3447 DV
655 3397 744 3448 librae
763 3396 815 3446 duo
832 3395 995 3449 solstitialia
1016 3395 1045 3444 V

141 3465 182 3516 10.
201 3476 319 3516 maxima
336 3466 394 3518 DV
457 3465 601 3518 beroatma
617 3465 674 3515 DV
739 3463 947 3515 20.smc1ns1)
1017 3476 1110 3512 erran·

138 3531 215 3583 tibus
232 3533 344 3591 lobnam
362 3549 408 3600 eqo
426 3536 507 3584 malim
524 3533 695 3598 vagantibus
713 3534 770 3586 coli.
788 3548 814 3595 p.
827 3526 899 3591 59,1
