2558 4062
526 231 735 282 PRAEFATIO.
1072 235 1110 282 Xl

140 409 212 454 non
232 396 302 452 tam
327 389 360 450 Τ.
384 384 542 451 omissum
563 383 685 468 videri,
715 377 868 471 quamid
890 386 998 473 ipsum
1020 407 1063 452 ex
1083 399 1114 452 et

143 504 300 583 corrupto
329 492 534 561 eliciendum.
577 494 671 561 Idem
693 495 798 560 suasit
819 489 910 581 ut'p.
926 495 957 578 8,
981 495 1022 562 14
1042 504 1112 562 col-

140 610 229 684 facto
256 626 275 671 e
301 604 416 671 codice
447 605 579 670 ederem
606 602 678 670 coll.
707 599 849 686 Quintil.
869 606 902 686 1,
925 605 961 686 6,
983 603 1041 688 21,
1079 615 1114 672 et

143 715 323 800 fragmenti
350 713 458 780 locum
485 713 594 779 adhuc
614 713 825 800 desperatum
852 715 909 800 qui
931 723 982 780 est
1003 738 1035 802 p.
1058 716 1111 799 66,

142 826 187 892 20
207 847 232 889 s.
256 833 390 911 recepta
416 846 435 890 e
456 823 619 890 Vaticano
647 823 811 910 scriptura
836 841 1026 890 numerorum
1054 825 1111 906 ita,

143 946 182 1002 ut
206 955 294 1000 nunc
322 935 445 1000 editum
475 943 542 1014 est,
578 934 739 999 distinxit.
789 933 987 1001 Meminerat
1012 935 1112 1001 etiam

144 1045 318 1112 Censorini
340 1043 393 1109 sui
414 1043 494 1110 Otto
516 1041 656 1127 Iabnus,
680 1053 713 1108 et
733 1044 903 1130 quaerenti
925 1044 1004 1110 mihi
1024 1045 1114 1110 ami·
1156 1047 1159 1054 '

143 1154 291 1236 cissime,
319 1164 357 1221 ut
378 1153 478 1235 solet,
505 1155 675 1240 rescripsit
695 1175 728 1240 p.
744 1153 796 1236 66,
815 1155 833 1218 7
858 1159 1027 1219 Parnasius
1048 1154 1112 1220 sibi

144 1263 320 1350 legendum
333 1262 457 1346 videri3
479 1273 649 1350 praeterea
669 1264 785 1349 p..6‚9
805 1263 1008 1330 Lachmanni
1030 1285 1114 1330 con·
1153 1243 1157 1254 ’
1205 1247 1208 1252 ’

142 1376 303 1441 iacturam
328 1378 371 1438 ad
390 1393 491 1438 cereos
512 1374 732 1440 commendari
759 1372 922 1440 similibus
944 1373 1112 1438 Plutarchi

146 1489 206 1568 (an
228 1484 298 1550 seni
319 1493 381 1548 cet.
403 1505 474 1570 cap.
490 1484 530 1568 9)
558 1492 592 1549 et
620 1483 762 1549 Senecae
791 1483 852 1570 (de
876 1486 967 1550 brev.
989 1485 1048 1550 vit.
1072 1483 1114 1547 20

143 1595 244 1678 extr.)
279 1594 370 1659 locis.
421 1591 578 1660 Consulto
609 1593 704 1660 omisi
731 1589 775 1658 ad
799 1615 833 1680 p.
855 1594 907 1676 23,
931 1593 970 1656 12
997 1592 1113 1657 afferre

144 1705 364 1770 coniecturam
399 1702 444 1767 H.
480 1702 647 1768 Wittichii
682 1709 834 1770 Panicum
869 1723 929 1790 pro
959 1706 1113 1783 Pythicum

143 1813 311 1880 suadentis
331 1813 366 1877 in
389 1811 508 1878 Philol.
531 1812 596 1878 vol.
612 1813 682 1878 XX
703 1835 737 1900 p.
751 1813 829 1894 431,
867 1813 1021 1898 quoniam
1047 1833 1113 1877 non

144 1922 301 1989 credibile
329 1922 504 1989 videbatur
529 1945 631 1988 unum
658 1922 873 1990 Censorinum
898 1920 1022 1987 Persici
1051 1941 1112 1986 ne-

145 2035 213 2099 scio
247 2033 340 2098 cuius
369 2032 468 2098 stadii
495 2031 647 2098 notitiam
674 2031 829 2098 habuisse
859 2033 1000 2099 atotius
1023 2032 1114 2096 anti—

145 2143 278 2230 quitatis
316 2143 473 2209 memoria
508 2142 606 2228 plane
641 2140 790 2206 alienam.
848 2141 885 2206 P.
911 2141 952 2206 38
979 2161 1114 2206 versum

143 2253 279 2319 tertium
300 2273 375 2317 cum
396 2251 592 2336 relegerem,
620 2251 656 2315 in
683 2259 826 2317 mentem
852 2248 932 2316 mihi
960 2250 1115 2316 veniebat

8 2385 9 2392 ¹
138 2369 354 2443 proximaret
379 2367 460 2426 tanc
489 2361 699 2448 (octaeterida)
721 2365 926 2440 mopnauaine
947 2369 1024 2444 cet.;
1056 2359 1114 2424 sed

146 2470 282 2558 obloqui
301 2471 433 2538 videtur
458 2473 530 2558 ipse
552 2472 706 2557 scriptor,
734 2469 789 2557 qui
816 2470 916 2557 paulo
943 2473 1116 2556 posthaec

145 2601 293 2646 canaam
312 2585 488 2660 mapnttudo
507 2579 644 2647 dederit.
682 2581 729 2646 At
743 2579 833 2646 locus
849 2582 905 2668 qui
920 2589 972 2647 sst
985 2578 1114 2666 p.51,3

146 2691 263 2758 dubito
294 2713 374 2756 num
403 2692 483 2756 satis
517 2699 650 2756 sanatus
684 2690 726 2755 sit
751 2689 955 2754 Lachmanni
980 2687 1116 2753 *medela

147 2802 280 2887 egregia
306 2801 364 2866 illa
386 2799 520 2888 quidem
546 2799 590 2866 ad
619 2821 768 2882 sensum,
804 2799 863 2864 sed
885 2796 982 2885 paulo
1010 2818 1114 2864 remo-

146 2912 230 2978 tiore
258 2933 278 2976 a
304 2911 675 2978 litterarum'duetibus.
720 2910 859 2977 Servata
884 2908 987 2995 igitur
1007 2906 1114 2974 libro-

145 3043 218 3086 rum
256 3021 420 3108 scriptura
454 3020 632 3108 paucisque
668 3018 802 3102 litteris,
839 3041 923 3106 quae
958 3017 1114 3084 facillime

14 3160 17 3214 ².
145 3131 341 3196 intercidere
362 3139 549 3217 potuerunt,
572 3130 695 3197 additis
717 3129 893 3217 legendum
914 3129 1048 3195 videtur
1069 3131 1114 3194 td-

147 3260 203 3318 que
234 3246 398 3306 similitudo
431 3250 556 3307 astatur
587 3262 675 3306 usus
702 3247 851 3306 militaris.
899 3239 1051 3322 Denique
1078 3237 1114 3300 in

147 3349 321 3435 fragmenti
341 3375 373 3440 p.
395 3351 495 3434 60,'7
517 3351 632 3438 quidni
654 3350 776 3416 codicis
800 3348 916 3414 ductus
935 3365 1054 3418 ,uastae
1076 3366 1114 3411 er

147 3456 226 3523 olim
260 3460 384 3528 fuerint
421 3467 532 3540 vomat,
570 3460 659 3547 quod
695 3459 834 3526 verbum
869 3454 983 3522 eodem
1017 3476 1115 3520 sensu
