2588 4066
340 1023 390 1072 DE
409 1021 596 1074 NATURALI
614 1022 884 1076 INSTITUTIONE.
1117 1022 1132 1080 l

191 1161 286 1244 Initia
309 1199 409 1243 rerum
433 1177 535 1243 cedern
559 1181 703 1244 elementa
725 1189 755 1243 et
779 1182 923 1262 principia
947 1182 1096 1244 dicuntur.

125 1283 163 1324 ea
177 1267 262 1326 stoici
278 1266 403 1328 credunt
416 1273 551 1327 tenorem
566 1267 662 1346 adque
677 1268 838 1328 materiam.
875 1273 1023 1336 tenorem,
1047 1268 1097 1346 qui

124 1358 298 1412 rarescente
321 1352 442 1410 materia
465 1369 480 1410 a
502 1351 599 1411 medio
620 1351 721 1412 tendat
742 1350 778 1410 ad
800 1368 962 1420 summum,
992 1351 1094 1411 eadem

83 1438 103 1487 5
123 1443 340 1496 concrescente
354 1452 459 1496 rursus
475 1453 491 1494 a
506 1452 622 1496 summo
637 1435 785 1496 reseratur
800 1434 836 1495 ad
853 1434 991 1497 medium.
1016 1433 1093 1495 Tha·

123 1517 170 1578 ies
185 1517 315 1580 Milesius
331 1536 437 1596 aquam
453 1520 630 1598 principium
647 1521 776 1583 omniurn
793 1519 877 1589 dixit,
901 1527 930 1580 et
944 1517 1015 1580 alias
1031 1521 1094 1597 opi·

124 1602 231 1665 niones
246 1621 334 1681 supra
350 1601 458 1664 rettuli.
482 1604 648 1665 Stoicorum
665 1604 764 1682 opinio
779 1603 940 1682 probanda,
958 1605 1090 1682 quicum
1109 1618 1124 1666 2

124 1693 191 1747 arte
216 1689 402 1766 conpositum
423 1687 525 1749 mundi
553 1705 628 1766 opus
653 1687 891 1758 considerarent,
922 1687 1092 1748 introduxe-

123 1777 198 1832 runt
217 1779 352 1832 naturam
375 1771 526 1850 providam
543 1791 578 1834 ac
592 1774 780 1852 sapientiam,
801 1790 889 1851 quam
906 1772 979 1834 ordo
994 1772 1093 1851 inper-

68 1859 104 1910 10
124 1855 276 1917 mutabilis
292 1856 474 1926 ostenderet,
491 1864 521 1918 et
534 1856 677 1918 industria
694 1857 801 1918 iactum
817 1857 1091 1936 pronuntiaverunt.

123 1939 187 2000 sive
208 1946 368 2020 perpetuus
390 1941 449 2002 sive
469 1939 630 2020 longaevus
651 1947 696 2002 est
715 1941 843 2002 mundus
865 1948 894 2000 et
913 1942 943 2002 in
960 1940 1127 2002 flammeae

125 2022 187 2085 abit
207 2031 236 2084 et
256 2025 385 2086 vicissim
406 2043 442 2085 ex
457 2024 583 2086 flammis
603 2032 761 2086 renovatur
782 2043 816 2085 ac
836 2025 1016 2096 restituitur,
1039 2023 1093 2085 du·

123 2108 261 2170 rantibus
275 2116 374 2170 tamen
390 2109 550 2188 principiis,
568 2127 623 2170 nec
638 2109 792 2170 reccidere
808 2108 844 2168 ad
861 2107 985 2170 nihilum
1001 2108 1092 2168 videri

123 2198 237 2270 potest,
260 2193 338 2274 quod
354 2193 384 2254 in
399 2211 432 2256 se
447 2193 546 2254 deficit
566 2193 639 2256 etin
660 2211 692 2253 se
707 2193 880 2270 regignitur.
926 2198 955 2254 et
976 2198 1092 2254 constat
1108 2198 1125 2247 4

69 2281 105 2330 15
124 2277 245 2357 quidem
275 2284 414 2355 quattuor
444 2277 609 2348 clenentis,
646 2285 743 2347 terra,
775 2295 865 2356 aqua,
896 2276 979 2354 igne,
1011 2294 1091 2337 aere.

124 2362 210 2421 cuius
225 2361 418 2441 principalem
435 2361 527 2424 so'em
544 2361 662 2440 quidam
678 2367 797 2440 putant,
819 2367 852 2422 ut
867 2359 1038 2430 Cleanthes;
1064 2367 1093 2420 et

125 2443 306 2525 Chrysippus
327 2446 464 2516 aethera,
488 2448 571 2508 cuius
592 2454 673 2507 motu
688 2445 813 2526 perenni
834 2445 966 2507 subiecta
986 2453 1092 2506 tenen·

124 2535 173 2589 tur
193 2538 223 2591 et
242 2529 502 2600 administrantur,
524 2539 553 2591 et
574 2532 636 2608 ipse
659 2531 778 2608 quidem
798 2531 900 2591 aether
922 2528 995 2590 nihil
1014 2531 1091 2608 pati·

124 2620 187 2683 tur;
217 2632 269 2676 aer
288 2614 409 2678 aethera
428 2632 532 2694 supra,
554 2615 630 2675 inira
653 2633 774 2694 aquarn:
804 2632 873 2675 aera
894 2631 984 2691 supra
1005 2630 1090 2692 aqua,

7 2714 8 2773 p
70 2703 107 2754 20
124 2697 201 2758 inira
227 2706 347 2760 terram.
393 2706 472 2759 terra
499 2700 597 2760 omnia
624 2717 659 2761 ex
685 2718 717 2762 se
743 2698 873 2760 omnium
898 2697 1128 2777 permixtioneo

191 2901 242 2952 DE
259 2899 449 2953 NATURALI
464 2899 728 2952 INSTITUTIONE
746 2907 795 2952 cet.
818 2904 884 2952 oratio
907 2901 992 2965 spatio
1014 2901 1094 2951 inter·

121 2970 207 3034 posito
236 2971 322 3020 rattima
345 2969 478 3020 Censorini
503 2974 642 3034 sequuntur
667 2970 693 3018 in
714 2967 768 3017 DV
835 2972 859 3020 3.
888 2973 970 3035 etque
1002 2968 1030 3016 V

122 3038 332 3090 5.eseumrnoI)
384 3035 505 3088 ronesD
574 3036 782 3088 pLoerrunntlt
850 3039 874 3088 8.
886 3034 1099 3104 opusmundiV

124 3105 166 3155 10.
186 3109 214 3155 et
230 3120 279 3158 om.
295 3104 355 3154 DV
419 3106 460 3156 12.
479 3117 567 3157 *cestr
586 3104 690 3167 (haattr
709 3110 768 3154 ante
785 3101 851 3170 rae.)
868 3105 894 3154 D
964 3108 993 3155 et
1009 3103 1095 3154 uicis-

124 3169 176 3219 sim
194 3172 326 3222 dieras.
398 3173 439 3225 14.
456 3172 571 3224 hertcttr
583 3172 617 3232 D,
635 3178 686 3222 tuan
704 3176 732 3222 ot
748 3188 797 3226 om.
809 3172 864 3222 DV
932 3174 972 3223 16.
991 3185 1094 3222 coecu-

124 3251 175 3286 ees
199 3251 232 3288 er
255 3253 406 3306 caretppus
424 3241 482 3290 DV
548 3235 587 3307 et]
613 3242 642 3289 ai
665 3239 763 3292 [ahons
785 3241 920 3291 secundom
942 3239 1092 3299 Monetium,

125 3307 382 3358 cacomonachus
452 3311 494 3360 18.
512 3321 601 3358 aerea
618 3308 643 3356 D
713 3309 754 3358 19.
773 3323 844 3358 oeae
863 3306 1092 3357 aephane—su·

124 3385 179 3436 pac
197 3384 296 3435 equom
315 3374 377 3438 DV,
395 3391 463 3426 corr.
483 3377 516 3438 L,
532 3377 563 3426 de
575 3375 627 3425 Ian
644 3380 670 3425 et
687 3375 720 3425 L.
736 3375 875 3426 Urlicher'uo
892 3379 918 3423 tn
930 3373 998 3424 Mna.
1012 3373 1093 3424 Rhea.

124 3438 172 3488 XI
189 3442 281 3503 p.159
348 3443 390 3494 20.
415 3455 486 3495 omui
510 3457 561 3494 exe
583 3445 622 3507 Ι),
645 3444 719 3494 omni
736 3457 799 3505 sex,
822 3441 975 3504 emissore,
1002 3439 1031 3489 V

123 3518 274 3574 pcrmtxrto
290 3509 317 3558 Ι)
