2588 4066
373 282 421 328 nu
444 283 505 330 mn
519 283 657 332 *utrem
679 285 755 334 car.
770 287 871 336 xxtu.
1043 273 1086 338 49

113 419 311 482 Februarium
333 427 434 496 postea
461 421 579 498 quidem
601 422 731 493 additos,
760 424 811 486 sed
834 425 1006 488 nominibus
1026 427 1085 488 iam

115 524 153 566 ex
173 505 256 566 Latio
277 506 417 584 sumptim
441 513 471 566 et
492 507 659 568 ianuarium
682 506 718 567 ab
738 507 826 576 leno,
848 511 896 572 oui
918 510 1085 574 adtributus

115 595 170 656 est,
187 605 298 650 nomen
313 589 452 658 trenisse,
479 589 675 653 Februarium
691 609 708 652 a
723 591 838 654 februo.
886 601 930 656 est
945 594 1084 658 februum
1104 606 1137 657 14

115 673 261 752 quidquid
289 674 351 752 piet
379 682 561 752 purgatque,
592 683 621 736 et
650 675 854 739 februameuta
880 687 1083 758 purgamenta,

80 771 97 820 5
115 759 186 818 item
208 757 348 818 februare
368 775 497 836 purgare
512 767 543 820 et
556 778 665 838 purum
680 761 788 824 faeere.
825 761 965 824 februum
985 772 1085 826 autem

116 859 176 902 non
197 841 278 904 idem
299 856 509 921 usquequaque
526 844 648 906 dieitur:
673 862 741 907 nam
757 845 842 907 aliter
861 848 893 908 in
915 845 978 908 aliis
992 850 1085 910 saeris

115 925 287 996 februatur‚
310 927 367 988 boe
389 934 433 988 est
454 935 607 1005 purgatur.
652 930 683 990 in
703 929 762 992 boo
783 937 880 994 antem
903 949 1006 994 iriense
1026 931 1084 994 Lu·
1104 941 1135 991 to

115 1009 300 1088 percalibus,
328 1029 396 1072 oum
411 1009 504 1073 Romo
526 1011 684 1082 lustratur,
712 1013 804 1076 selem
827 1013 952 1077 ualidum
974 1016 1083 1088 ferunt,

117 1094 198 1173 quon
212 1093 351 1156 februum
367 1093 530 1173 appellant,
554 1097 635 1158 unde
657 1097 719 1158 dies
734 1098 947 1176 Lupercalium·
962 1102 1084 1180 proprie

66 1193 98 1242 ιο
116 1178 270 1240 februatus
296 1185 326 1240 et
351 1178 387 1239 ab
412 1197 447 1240 eo
472 1198 564 1258 porro
589 1181 700 1242 mensis
724 1182 905 1245 Februarius
929 1187 1084 1246 vocitatur.

117 1281 153 1324 ex
174 1263 221 1323 bis
236 1263 392 1324 duodecim
407 1263 562 1327 mensibus
577 1265 705 1328 duorum
719 1273 833 1328 tentum
849 1269 968 1330 nomine
989 1271 1084 1330 inmu·
1105 1279 1136 1328 16

116 1354 186 1408 tata.
223 1363 292 1408 nem
308 1347 445 1418 Quintilis
459 1347 552 1412 lulius
566 1351 790 1428 cognominatus
812 1360 858 1412 est
872 1351 903 1412 C.
921 1352 1046 1414 Caesare
1063 1367 1085 1410 v

116 1438 147 1492 et
168 1432 206 1493 Μ.
230 1432 357 1494 Antonio
380 1449 462 1494 sons.
490 1452 568 1494 anno
596 1433 709 1496 Iulieno
734 1435 880 1496 morundo:
911 1437 960 1514 qui
985 1443 1085 1498 autem

116 1514 234 1578 Sextilis
254 1516 367 1585 fuerat,
389 1535 425 1578 en
448 1516 500 1579 SC.
516 1518 627 1580 Marcio
648 1519 810 1581 Censorino
831 1519 862 1582 C.
878 1521 980 1582 Asinio
1000 1519 1084 1584 Gallo

66 1614 98 1662 15
118 1617 201 1661 cons.
221 1601 252 1661 in
267 1600 391 1678 Augusti
410 1600 554 1662 bonorem
576 1603 672 1666 dietus
692 1611 737 1664 est
757 1605 906 1683 Augustus
926 1621 1005 1666 anno
1026 1607 1085 1667 Au·

116 1686 195 1761 gusti
215 1685 388 1748 vicensimo,
423 1703 499 1764 quae
519 1689 640 1748 nomina
662 1689 844 1749 etiamnunc
865 1687 903 1750 ad
918 1687 995 1750 bano
1015 1705 1085 1767 per·

115 1776 238 1830 manent
257 1769 441 1831 memoriam.
480 1779 582 1850 postea
604 1789 675 1833 vero
696 1771 781 1834 multi
801 1773 951 1852 principes
966 1774 1085 1834 nomina
1104 1782 1136 1830 tt

116 1853 262 1932 quaedam
282 1855 428 1916 mensium
449 1854 668 1916 inmutaverunt
689 1859 757 1918 suis'
772 1857 970 1935 nuncupando
990 1859 1085 1918 nomi·

116 1936 219 2006 nibus;
247 1936 326 2015 quod
347 1946 397 2000 aut
422 1940 479 2017 ipsi
501 1940 689 2017 postmodum
711 1947 913 2012 mutaverunt,
944 1949 995 2003 eut
1020 1949 1087 2020 post

61 2035 99 2084 ιο
118 2020 232 2082 obitum
251 2039 354 2084 eorum
369 2021 418 2084 illa
433 2025 552 2086 nomina
568 2024 692 2101 pristina
713 2025 774 2086 suis
788 2024 904 2086 reddita
922 2026 1085 2088 mensibus.

183 2105 324 2184 Superest
338 2123 431 2184 panea
446 2107 483 2169 de
498 2107 546 2170 die
562 2107 676 2177 dicere,
704 2110 768 2187 qui,
797 2117 829 2170 ut
843 2109 954 2170 mensis
969 2117 1019 2170 aut
1034 2129 1086 2170 en·
1099 2111 1136 2174 23
1152 2107 1158 2118 '

116 2206 191 2258 nus,
214 2191 320 2268 partim
343 2190 483 2253 naturalis
498 2194 606 2270 partim
629 2191 719 2253 civilis
735 2201 787 2253 est.
832 2191 1007 2254 naturaliter
1022 2193 1119 2254 diosa

118 2282 163 2336 est
178 2281 294 2354 tempus
309 2274 347 2336 ab
362 2277 514 2338 exoriente
528 2275 591 2338 sole
605 2276 641 2337 ad
658 2275 728 2337 solis
743 2285 898 2346 oceasum,
914 2277 999 2340 ouius
1014 2291 1086 2338 eon·

117 2360 243 2420 tranium
258 2365 376 2438 tempus
391 2367 435 2422 est
449 2372 509 2422 nox
524 2360 561 2422 eb
577 2379 685 2424 occasu
700 2359 771 2424 solis
785 2361 823 2422 ad
838 2369 983 2424 exortum.
1015 2362 1086 2422 eivi-

63 2454 100 2505 25
118 2442 186 2504 liter
202 2450 300 2506 antem
316 2444 379 2506 dies
393 2453 513 2506 voeatur
527 2454 645 2525 tempus
656 2446 736 2526 quod
747 2446 781 2507 tit
794 2459 854 2508 uno
869 2444 943 2508 oaeli
958 2448 1085 2508 cineum·

17 2569 28 2588 2
117 2535 200 2597 actu,
223 2546 283 2609 quo
305 2529 369 2592 dies
384 2547 471 2592 varus
491 2537 521 2592 et
535 2549 595 2592 nox
610 2532 793 2602 continetur,
816 2537 850 2592 ut
870 2545 938 2593 oum
959 2530 1086 2592 liumus

116 2611 245 2693 aliquem
262 2613 326 2674 dies
340 2628 415 2676 xxx
430 2621 544 2676 tantum
560 2616 681 2676 vixisse:
703 2611 883 2697 relinquitur
903 2614 982 2676 enim
998 2615 1087 2676 etiam

12 2695 13 2700 ’
117 2705 222 2759 noctes
242 2695 425 2778 intellegere.
461 2699 643 2760 huiusmodi
660 2699 722 2762 dies
743 2697 779 2759 ab
801 2697 956 2775 astrologis
973 2705 1001 2759 et
1016 2699 1120 2759 civi-³

186 2937 211 2987 3.
238 2947 354 2984 aestuum
376 2935 435 2984 DV
497 2935 522 2984 t.
551 2933 682 3000 quiequid
713 2934 741 2982 V
805 2947 867 2998 pter
891 2933 929 2991 D,
958 2947 991 2982 ex
1013 2933 1087 2983 initio

116 3017 249 3066 saperem.
273 3004 303 3065 d,
328 3003 423 3068 expiet
444 3002 470 3052 V
489 3004 561 3068 oulpo
611 3002 654 3056 ,5.
677 3011 794 3053 aeneum
813 3001 880 3062 DV,
902 3002 961 3052 item
981 3007 1088 3066 uterque

116 3072 187 3120 vaf
219 3067 222 3074 '
258 3071 299 3124 12.
323 3081 385 3120 uam
404 3081 450 3134 qut
467 3081 557 3121 tumus
575 3071 631 3120 DV
699 3071 739 3122 13.
763 3083 796 3122 eu
819 3079 966 3119 meuruuto
983 3069 1042 3117 DV

119 3137 178 3188 effi·
198 3138 232 3200 D,
252 3135 324 3188 eoni-
346 3139 379 3201 V,
397 3139 457 3187 item
472 3143 579 3204 uterque
596 3154 632 3189 oe.
646 3141 680 3188 15
749 3137 789 3186 tt.
808 3125 867 3186 effl-
886 3147 983 3190 maneo
1000 3135 1057 3184 DV

119 3201 151 3254 0.
163 3199 271 3271 Asinio]
286 3218 393 3258 eastum
406 3205 463 3256 DV
524 3207 565 3261 lb.
578 3204 708 3272 augustio
719 3203 872 3256 uineeeimo
888 3203 914 3253 V
974 3204 1016 3254 20.
1027 3208 1089 3266 poet

119 3271 259 3324 mensibus
281 3275 353 3339 oulpo
376 3273 438 3324 odd.
461 3276 526 3324 sunt
593 3276 635 3326 22.
654 3287 824 3328 uanuseeese
843 3270 950 3338 (rasura
968 3275 1088 3336 quattuor

120 3341 258 3406 quinqueve
281 3339 347 3405 lut.)
372 3342 411 3400 D,
434 3339 576 3392 naturales
599 3343 631 3405 d,
655 3341 793 3394 naturalis
816 3341 844 3392 V
861 3343 934 3406 oulqo
1003 3338 1046 3386 23·
1071 3351 1089 3386 a

120 3420 196 3457 soma
214 3408 240 3457 D
308 3410 351 3460 et.
374 3412 417 3459 est
434 3411 541 3473 tempus
563 3407 606 3458 V·
657 3407 750 3461 civilis
766 3408 838 3475 ooqo
907 3406 949 3458 26.
968 3413 1088 3456 caecum·

120 3487 218 3526 acrum
238 3474 308 3540 quob
325 3477 350 3526 Ι)
419 3475 460 3526 27.
477 3471 545 3544 xxx]
565 3480 742 3544 temperem.
760 3479 823 3529 m.2
841 3476 869 3526 fn
890 3475 917 3525 V

170 3573 357 3614 oausoaruus.
595 3633 597 3636 Ι
864 3555 887 3620 4
