2558 4062
383 229 431 277 on
454 227 516 276 orn
537 228 668 277 utram
690 227 765 278 car.
782 230 828 278 rv.
1070 217 1090 280 'i

119 370 280 439 sententia,
312 385 370 447 qua
391 385 509 446 semper
529 368 693 430 humanum
714 385 809 446 genus
834 370 925 431 luisse
946 370 1087 441 creditur,

119 462 259 516 auctores
280 451 371 514 babet
385 451 573 532 Pythagoran
589 452 719 514 Samium
742 461 771 516 et
787 453 920 516 Ocellum
936 454 1088 518 Lucanum

120 547 149 600 et
174 538 328 617 Archytan
353 536 547 599 Tarentinum
577 555 740 617 omnesque
765 538 839 599 adeo
864 539 1086 619 Pythagoricos.

119 623 173 684 sed
200 630 230 684 et
254 621 336 683 Plato
362 621 549 684 Atheniensis
576 629 606 683 et
630 622 812 684 Xenocrates
837 630 866 683 et
890 623 1088 686 Dicaearchus

82 707 286 769 ullessenius
310 707 440 785 itemque
470 708 609 784 antiquae
635 707 805 769 academiae
831 707 1001 788 philosophi
1027 726 1088 770 non

119 792 199 852 aliud
229 792 364 853 videntur
391 791 514 870 opinati,
548 790 718 853 Aristoteles
744 810 863 872 quoque
883 792 1038 872 Stagirites
1059 802 1090 855 et

119 875 344 954 Theophrastus
364 874 507 956 multique
526 882 681 954 praeterea
695 894 757 939 non
777 875 921 956 ignobiles
942 878 1088 957 peripate-

120 963 172 1022 tici
186 959 264 1022 idem
280 961 472 1039 seripserunt.
505 961 626 1040 eiusque
641 962 686 1022 rei
706 961 841 1042 exemplo
858 959 975 1043 [dicunt
992 960 1085 1043 quod]

119 1051 230 1124 negant
251 1046 372 1106 omnino
392 1062 482 1124 posse
501 1047 642 1122 reperiri,
665 1063 772 1106 avesne
792 1053 911 1107 antean
927 1064 981 1107 ova
997 1064 1086 1124 gene·

67 1137 102 1186 10
119 1136 183 1190 rata
199 1131 267 1197 sint,
284 1146 352 1190 cum
368 1136 397 1190 et
412 1147 500 1192 ovum
512 1131 577 1191 sine
592 1148 644 1190 ave
660 1137 689 1192 ct
706 1133 767 1190 avis
781 1131 845 1191 siue
859 1148 914 1190 ovo
931 1131 1011 1210 gigni
1026 1149 1087 1193 non

119 1215 221 1292 possit.
252 1215 352 1291 itaque
368 1221 396 1274 et
411 1215 552 1283 omnium,
570 1215 690 1295 quaein
706 1216 886 1294 sempiterno
902 1217 959 1276 isto
975 1216 1085 1277 muodo
1103 1232 1120 1280 t

120 1315 240 1378 semper
261 1298 382 1359 fuerunt
403 1298 563 1377 suturaque
584 1306 666 1367 sunt,
694 1300 777 1359 aiunt
795 1299 973 1378 principium
995 1301 1085 1361 foisse

120 1382 249 1453 nullum,
279 1383 331 1443 sed
353 1381 456 1444 orbem
478 1399 543 1443 esse
564 1383 711 1464 quendam
733 1383 939 1461 generantium
961 1401 1085 1444 nascen-

119 1469 268 1546 tiumque,
297 1467 329 1526 in
345 1485 403 1546 quo
418 1469 506 1528 unios
527 1468 670 1546 cuiusque
692 1471 788 1546 gentis
808 1468 924 1529 initium
947 1466 1035 1529 simul
1057 1474 1086 1530 et

67 1556 101 1606 15
119 1551 186 1612 duis
209 1569 275 1612 esse
301 1550 446 1613 videatur.
490 1553 541 1632 qui
567 1559 664 1613 autem
685 1552 821 1613 homines
846 1552 960 1630 aliquos
981 1554 1084 1632 primi·
1103 1561 1119 1610 5

119 1637 223 1715 genios
244 1636 382 1698 divinitus
401 1643 542 1698 naturave
561 1637 655 1697 iactos
675 1637 832 1698 crederent
852 1635 936 1696 multi
955 1638 1084 1707 luerunt,

119 1719 170 1782 sed
186 1719 272 1781 aliter
287 1719 382 1799 adque
397 1720 483 1782 aliter
497 1720 571 1782 haee
586 1722 801 1782 existimatione
815 1727 938 1782 versata.
970 1738 1037 1781 nam
1053 1729 1086 1782 ut
1104 1729 1120 1777 6

118 1806 248 1873 mittam,
270 1805 348 1884 quod
364 1803 514 1866 fabulares
529 1813 682 1884 poetarum
697 1805 839 1868 historiae
855 1805 968 1875 lerunt,
990 1804 1085 1866 horni-

120 1907 174 1950 nes
195 1890 308 1969 primos
334 1897 384 1951 aut
406 1889 573 1952 Promethei
593 1888 674 1952 molli
695 1889 757 1952 luto
782 1907 847 1952 esse
867 1890 1010 1951 formatos
1036 1898 1086 1951 aut

65 1977 101 2026 20
120 1972 305 2034 Deucalionis
325 1973 515 2054 Pyrrhaeque
543 1974 624 2035 duris
645 1974 792 2052 lapidibus
820 1982 935 2045 enatos,
966 1973 1084 2054 quidam

122 2075 158 2118 ex
185 2057 257 2135 ipsis
276 2059 437 2136 sapientiae
457 2057 676 2138 professoribus
695 2061 796 2119 nescio
822 2075 860 2119 an
881 2059 974 2136 magis
999 2077 1084 2119 mon·

119 2148 266 2211 strumae,
289 2151 370 2204 certe
389 2161 448 2203 non
469 2144 567 2204 minus
583 2141 773 2203 incredibiles
792 2144 941 2204 rationum
963 2159 1083 2202 suarum

119 2226 276 2305 proterunt
291 2228 456 2306 opiniones.
486 2227 704 2290 Anaximander
717 2225 848 2288 blilesius
862 2224 955 2286 videri
969 2224 1026 2285 sihi
1047 2245 1083 2286 ex
1102 2236 1117 2284 7

119 2329 194 2389 aqua
210 2319 349 2389 terraque
365 2309 513 2374 calefactis
529 2319 648 2373 exortos
663 2328 728 2373 esse
744 2312 804 2374 sive
816 2311 913 2390 pisces
928 2327 981 2372 seu
995 2311 1082 2387 pisci·

120 2437 323 2450 —an———n

187 2501 210 2548 1.
230 2511 301 2563 quae
319 2499 344 2547 D
412 2499 438 2546 2.
455 2496 631 2562 phytagorea
652 2498 678 2547 V
744 2509 847 2548 coetum
865 2498 898 2556 D,
916 2497 1041 2548 occeium
1063 2497 1092 2545 V

118 2563 533 2626 ³.aonenrren1)‚arehitam
554 2567 583 2615 V
646 2564 843 2632 phytagorieos
865 2567 893 2615 V
956 2565 981 2614 4.
1001 2562 1086 2614 arhe-

120 2647 232 2684 nteuees
255 2633 293 2695 D,
317 2634 424 2683 corr.d
491 2636 534 2682 *et
554 2637 719 2683 xenocrates
744 2631 836 2695 (eraso
854 2632 881 2694 s)
909 2631 937 2680 V
1001 2629 1085 2681 bione·

119 2700 224 2750 anchus
249 2697 322 2763 (icae
341 2701 401 2750 din
419 2697 484 2762 ros.)
507 2700 531 2748 D
601 2702 626 2750 ὅ.
649 2715 700 2764 que
724 2715 769 2750 om.
793 2700 819 2748 V
885 2701 909 2749 6.
933 2711 1086 2748 enesnone·

119 2781 161 2817 ms
173 2768 213 2831 Ι),
233 2766 384 2818 aristotelis
406 2768 434 2816 V
490 2780 639 2833 sreqtmms
654 2768 713 2817 DV
777 2768 801 2816 7.
819 2764 1015 2830 nheopeesnus
1033 2765 1089 2814 DV

118 2848 336 2900 pentpenecmtct
357 2835 382 2883 D
398 2832 447 2897 V¹,
469 2850 539 2885 corr.
566 2832 606 2883 V¹
674 2835 699 2884 8.
725 2846 910 2884 scntnsenuur
932 2833 957 2881 D
1027 2833 1086 2884 eius

119 2903 216 2965 quaeri
234 2901 359 2966 exemplo
377 2901 475 2952 ladano
492 2917 527 2952 ece
544 2905 609 2954 conl.
622 2901 781 2951 Lachmanna'
831 2911 963 2966 exempna
981 2899 1037 2948 DV

118 2970 142 3018 9.
163 2983 311 3034 reppererat
329 2970 385 3018 DV
451 2983 559 3036 qeuesa
576 2970 615 3032 D,
634 2983 703 3019 corr.
722 2969 741 3018 d
809 2971 849 3019 10.
870 2982 903 3019 er
922 2981 990 3019 oues
1009 2968 1034 3016 D

120 3037 159 3086 13.
185 3035 337 3101 quaeubem
360 3037 385 3085 D
457 3039 497 3087 14.
515 3049 715 3100 uniusquisque
733 3037 758 3086 D
827 3037 918 3102 geniti
938 3036 967 3085 V
979 3037 1050 3100 uulgo

119 3103 160 3156 17.
180 3117 418 3154 auree-annea
436 3106 460 3154 D
530 3109 613 3169 atque
636 3104 665 3152 V
728 3104 781 3156 hec
798 3105 824 3154 V
890 3103 1082 3165 uersartDV‚

119 3172 185 3221 unde
203 3174 233 3221 in
252 3170 305 3222 hae
324 3171 529 3223 existimatione
547 3172 654 3223 versati
670 3175 742 3238 vulgo
794 3173 835 3223 19.
855 3182 1006 3222 sunmeros
1025 3170 1050 3219 D

120 3237 162 3287 20.
182 3241 280 3290 enetos
298 3239 414 3290 Halmius
432 3239 510 3302 (conf.
527 3255 585 3304 cap.
605 3243 630 3304 6,
648 3243 663 3290 1
680 3236 777 3307 exte),
800 3253 904 3290 *nanos
922 3240 960 3302 D,
985 3240 1017 3288 ᾖ
1035 3239 1085 3285 n'a·

121 3307 165 3354 tos
182 3308 207 3368 d,
227 3308 293 3358 ande
312 3321 373 3357 esee
391 3312 472 3358 notos
495 3308 521 3357 V
529 3310 601 3373 uolgo
652 3314 712 3372 post
731 3311 829 3358 enetos
846 3321 933 3358 omnus
951 3306 980 3354 X
990 3305 1087 3356 enecuit

120 3371 146 3420 in
163 3373 196 3436 D,
215 3387 246 3424 m.
262 3377 348 3439 primo
363 3374 389 3424 t'n
406 3376 432 3424 V
445 3375 506 3426 add.
518 3389 595 3439 uerg.
614 3373 696 3441 (uirg.
715 3375 749 3437 V)
767 3375 832 3425 hinc
844 3371 953 3440 lepidos
966 3370 1085 3438 pyrrhae

122 3434 212 3502 (pyrre
229 3439 265 3506 V)
284 3443 374 3494 iactos
393 3443 519 3494 saturnis
532 3457 619 3506 regua
638 3446 666 3494 et
684 3441 753 3493 alibi
766 3458 818 3507 quo
831 3445 955 3505 tempore
967 3441 1086 3505 primum

121 3503 268 3560 deucalion
285 3523 404 3560 nocuum
421 3509 530 3575 lapides
548 3510 668 3560 iactauit
685 3510 715 3559 in
734 3509 828 3561 orbem
