2558 4062
364 263 411 310 on
434 264 496 310 orn
519 263 651 311 uarum
674 263 748 312 ene.
766 265 852 312 xvn.
909 333 924 348 ⁶
1044 249 1084 313 31

115 410 205 480 partu
227 409 257 462 et
278 409 374 462 morte
396 403 559 464 delinitum.
596 421 688 481 quare
704 403 753 480 qui
775 421 868 464 annos
882 405 1002 482 triginta
1022 421 1085 464 sae·

116 485 216 548 culum
233 495 375 565 putarunt
390 487 515 548 multum
533 487 667 548 videntur
688 504 812 548 errasse.
844 488 902 548 boc
918 488 996 549 enim
1012 497 1085 549 tem-

114 590 172 650 pus
189 588 305 648 genean
320 574 420 632 vocari
436 570 601 632 Heraclitus
617 578 720 632 auctor
736 577 787 644 est,
805 574 870 651 quia
887 573 967 633 orbis
983 574 1086 634 aetatis
1112 595 1117 604 ⁹

114 659 147 716 in
164 675 200 716 eo
217 657 254 716 sit
269 657 372 734 spatio.
410 655 514 716 orbem
530 664 628 716 autem
642 663 728 716 vocat
749 659 865 732 aetatis,
894 656 964 718 dum
980 664 1085 717 natura

81 749 98 797 5
116 739 153 801 ab
170 741 297 800 sementi
312 740 439 800 bumana
462 742 498 800 ad
514 741 670 802 sementim
691 741 858 802 revertitur.
894 740 951 800 hoc
967 741 1084 820 quidem

117 841 230 903 genens
250 833 369 902 tempus
397 824 445 884 alii
468 823 552 885 aliter
573 825 759 886 definierunt.
805 825 970 886 Herodicus
991 843 1085 887 annos

116 909 248 987 quinque
276 918 305 969 et
331 909 432 986 viginti
459 909 561 970 scribit
588 909 643 969 dici
671 925 800 985 genuen,
831 910 930 970 Zenon
955 911 1083 988 trigima.

116 992 269 1054 saeculum
286 999 383 1053 autem
400 996 474 1068 quid
487 995 538 1062 sit,
555 1011 649 1072 usque
665 995 761 1054 adhuc
777 994 905 1055 arbitror
922 993 958 1054 ad
974 993 1081 1056 subtile
1101 1006 1117 1053 3

118 1079 318 1139 examinatum
340 1095 399 1137 non
422 1095 495 1139 esse.
534 1086 638 1155 poetae
654 1078 772 1156 quidem
788 1077 880 1139 multa
900 1078 1084 1140 incredibilia

64 1170 98 1218 10
117 1163 318 1241 scripserunt,
349 1179 405 1222 nec
420 1164 518 1223 minus
539 1163 671 1222 historici
688 1163 809 1232 Graeci,
841 1164 973 1241 quamvis
994 1181 1044 1223 eos
1067 1181 1083 1222 a

21 1295 28 1308 .
117 1264 187 1307 vero
208 1263 263 1323 par
285 1263 345 1306 non
365 1245 420 1306 luit
441 1247 599 1315 decedere;
636 1254 669 1307 ut
689 1245 868 1316 Herodotus,
897 1247 974 1324 apud
996 1265 1084 1326 quem

115 1330 242 1409 legimns
270 1330 492 1408 Arganthonion
522 1331 738 1391 Tartessiorum
774 1348 875 1409 regem
906 1337 1024 1392 centum
1056 1341 1085 1392 et

116 1416 329 1494 quinquaginta
345 1433 491 1476 annorum
506 1415 611 1484 luisse,
628 1424 677 1475 aut
691 1415 843 1492 Ephorus,
861 1417 910 1493 qui
925 1415 1016 1475 tradit
1029 1417 1083 1476 Ar-

116 1499 205 1560 cadas
226 1499 327 1559 dicere
349 1499 426 1576 apud
442 1519 473 1560 se
489 1517 575 1577 reges
590 1501 726 1577 antiquos
747 1499 858 1578 aliquot
878 1499 913 1560 ad
935 1507 1083 1561 trecentos
1163 1493 1167 1504 '

65 1589 97 1638 15
115 1585 223 1644 vixisse
252 1601 354 1643 annos.
401 1602 502 1644 verunt
525 1585 597 1644 baec
625 1591 656 1644 nt
676 1583 809 1644 labulosa
831 1591 1001 1662 praetereo:
1031 1585 1081 1645 sed
1100 1593 1117 1640 4

114 1671 195 1730 inter
217 1670 297 1746 ipsos
320 1666 499 1746 astrologos,
523 1670 573 1748 qui
593 1669 624 1727 in
640 1667 790 1730 stellarum
806 1670 1020 1747 signorumque
1034 1687 1082 1730 ra·

117 1755 199 1813 tione
216 1771 317 1812 verum
333 1760 512 1822 scrutantur,
530 1771 718 1831 nequaqnam
734 1754 820 1814 etiam
837 1754 982 1813 convenit.
1014 1753 1082 1831 Epi-

117 1853 210 1914 genes
231 1838 260 1896 in
276 1844 394 1897 centum
411 1837 568 1898 duodecim
590 1839 675 1897 annis
689 1836 892 1916 longissimam
908 1839 996 1898 vitam
1012 1855 1082 1898 con-

115 1923 223 1990 stituit,
254 1921 382 1981 berosos
406 1929 504 1982 autem
526 1928 644 1982 centum
665 1921 809 1982 sedecim:
848 1921 895 1982 alii
912 1923 948 1982 ad
964 1930 1084 1983 centum

62 2013 96 2060 20
115 2006 219 2082 viginti
239 2023 330 2066 annos
345 2005 469 2084 produci
484 2023 585 2085 posse,
608 2006 727 2084 quidam
749 2008 834 2066 etiam
852 2005 926 2066 ultra
949 2005 1083 2066 credide-

115 2095 198 2149 runt.
242 2090 359 2150 luerunt
380 2093 431 2168 qui
452 2107 512 2165 non
537 2090 615 2150 idem
637 2095 775 2168 putarent
796 2089 904 2166 ubique
926 2089 1082 2151 observan-

115 2174 203 2241 dum,
226 2173 276 2233 sed
298 2177 377 2236 varie
392 2192 446 2253 per
467 2174 597 2234 diversas
618 2175 770 2251 regioneS,
792 2191 846 2250 pro
863 2182 895 2232 ut
915 2176 944 2232 in
960 2173 1083 2249 singulis

116 2260 154 2319 sit
177 2257 250 2318 caeli
273 2258 309 2318 ad
331 2259 475 2320 circulum
496 2259 643 2318 finitorem
666 2257 832 2338 inclinatio,
863 2256 941 2336 quod
963 2264 1082 2318 vocatur

117 2341 212 2402 clima.

66 2431 99 2480 25
182 2426 241 2488 Sed
256 2426 326 2488 lieet
340 2429 447 2488 veritas
462 2429 493 2486 in
509 2426 636 2487 obscuro
652 2427 754 2495 lateat,
778 2427 921 2487 tamenin
937 2444 993 2487 una
1010 2445 1081 2506 qua·
1100 2433 1116 2484 5

116 2530 174 2591 que
202 2512 317 2572 civitate
344 2531 419 2592 quae
442 2513 501 2572 sint
528 2511 673 2572 naturalia
699 2511 830 2580 saecula,
854 2510 973 2571 rituales
994 2510 1082 2571 Etru-

116 2613 236 2657 scorum
252 2593 322 2655 libri
335 2596 471 2657 videntur
485 2595 601 2664 docere,
619 2597 649 2655 in
665 2597 730 2674 quis
745 2598 889 2672 scriptum
905 2613 969 2655 esse
988 2594 1082 2655 fertur

116 2682 198 2740 initia
221 2681 262 2739 sic
278 2681 348 2758 poni
364 2679 559 2741 saeculorum.
596 2696 654 2756 quo
670 2680 717 2739 die
732 2679 822 2740 urbes
841 2679 937 2756 adque
953 2679 1083 2738 civitates

116 2765 384 2835 constituerentur,
412 2765 448 2825 de
470 2764 516 2823 bis
536 2764 587 2842 qui
608 2781 642 2824 eo
664 2763 794 2824 dienati
819 2770 918 2824 essent
945 2780 1011 2822 eum
1033 2763 1082 2840 qui

184 3003 208 3052 3.
223 2997 324 3062 γενεὰν
337 3003 417 3065 vulno,
430 3003 489 3050 item
498 3001 607 3064 posthoc
619 3001 717 3062 revelle
730 3007 756 3048 et
767 2996 868 3061 rovedo
936 2999 961 3051 4.
974 3013 1082 3048 uocatur

115 3068 171 3118 DV
184 3083 254 3119 corr.
267 3069 444 3118 Lucbmuanus
513 3069 537 3118 5.
552 3068 587 3117 eb
600 3067 717 3117 sementi
729 3067 853 3129 Halmius,
868 3065 901 3117 ab
915 3078 1037 3116 comeum
1047 3066 1081 3129 D,

115 3151 162 3188 cm.
185 3136 211 3185 V
278 3140 430 3186 sementem
452 3135 478 3184 V
543 3136 764 3200 l.on19cnrall
798 3173 800 3176 .
832 3137 856 3186 8.
876 3133 941 3198 qnid
960 3135 1049 3184 omli

116 3204 141 3253 9.
160 3204 318 3254 exanimatd
340 3203 366 3252 V
433 3205 473 3254 10.
494 3217 680 3253 soatnsenuur
699 3204 723 3251 D
793 3199 854 3265 eos]
875 3216 908 3250 eo
926 3202 964 3266 Ι),
988 3216 1034 3251 om,
1059 3201 1085 3248 V

117 3271 158 3323 12.
177 3271 401 3334 arganthonnion
423 3270 451 3319 V
514 3277 712 3320 turcesstouutu
733 3269 787 3333 (tor
799 3267 903 3332 larus.)
922 3269 955 3326 D,
974 3272 1080 3316 tarces-

116 3336 191 3387 siord
213 3338 242 3387 V
307 3341 348 3392 13,
369 3338 465 3402 quinto
482 3337 513 3400 V,
533 3354 602 3390 eurr.
614 3355 646 3388 m.
658 3353 711 3388 rec.
764 3337 850 3386 fnisse
869 3335 1037 3399 anlepborus
1058 3333 1086 3382 V

118 3404 258 3457 ancbabas
276 3407 334 3456 DV
400 3407 439 3455 14.
459 3421 531 3471 apur
549 3407 574 3455 D
644 3403 760 3468 autquob
777 3405 802 3453 Ι)
870 3402 1003 3452 tricentos
1025 3400 1053 3449 V

117 3473 157 3526 17.
178 3488 338 3540 eptoeueem
351 3475 383 3530 D,
403 3488 541 3538 opygenes
554 3473 583 3522 in
600 3473 626 3522 V
691 3475 732 3522 20.
752 3484 860 3536 urceum
878 3470 903 3517 D
972 3470 1013 3524 22.
1032 3483 1080 3518 tro·

115 3554 177 3591 ntae
196 3543 221 3589 D
289 3543 331 3594 26.
350 3539 445 3592 seculo
467 3541 493 3590 V
558 3542 600 3590 28.
620 3544 703 3603 etque
724 3541 750 3589 V
