2558 4062
364 250 412 297 nn
435 249 496 296 nin
518 251 651 298 uarum
674 249 748 298 cnr.
765 251 837 298 xlv.
1041 235 1084 300 25

113 394 146 452 in
164 409 223 469 quo
239 392 290 469 qui
306 396 414 458 essent,
431 406 517 450 senes
533 387 703 469 appellatos,
721 391 799 469 quod
815 395 854 450 ea‘
865 398 959 452 aetate
974 407 1084 468 corpus

47 505 50 511 ·
113 478 175 537 iam
191 476 274 536 senio
290 473 447 535 laboraret.
483 474 679 552 Hippocrates
694 475 826 536 medicus
840 477 871 535 in
887 483 1000 555 septem
1017 493 1083 553 gra·
1101 489 1118 538 3

115 562 173 621 dus
195 567 304 621 aetates
325 558 482 620 distribuit.
528 559 617 619 finem
641 561 755 636 primae
776 561 887 636 putavit
909 577 973 620 esse
994 561 1085 639 septi-

115 662 202 705 mum
218 661 344 718 annum,
362 643 510 704 secundae
525 651 664 722 quartum
680 643 836 713 decimum,
853 646 957 704 tertiae
973 643 1084 706 duode-

79 741 97 789 5
114 730 335 797 tricensimum,
363 736 486 806 quartae
501 729 704 789 tricensimum
719 729 869 808 quintum,
891 729 1010 806 quintae
1025 728 1084 788 duo

116 822 148 875 et
178 813 471 890 quadragensimum,
506 818 605 874 sextae
634 814 931 891 quinquagensimum
957 820 1082 882 sextum,

117 899 262 975 septimae
277 898 467 958 novissimum
483 914 593 957 annum
608 898 684 958 vitae
699 897 855 958 humanae.
879 897 968 958 Solon
986 906 1084 957 autem
1102 910 1119 959 4

118 981 223 1043 decem
239 987 338 1060 partes
355 981 436 1055 iecit,
455 989 484 1040 et
498 980 684 1059 Hippocratis
700 982 823 1059 gradum
839 983 957 1042 tertium
975 989 1004 1042 et
1018 999 1084 1042 sex-

116 1075 183 1126 tum
204 1073 233 1125 et
255 1067 415 1142 septimum
431 1064 562 1142 singulos
584 1064 719 1126 bifariam
735 1067 845 1133 divisit,
872 1074 906 1128 ut
920 1083 977 1126 una
995 1083 1084 1144 quae·

67 1161 101 1210 10
120 1169 179 1229 que
200 1158 280 1210 aetas
301 1166 394 1210 annos
410 1148 535 1211 baberet
550 1156 698 1228 septenos.
735 1151 852 1212 Staseas
873 1153 1084 1228 peripateticus
1102 1163 1120 1212 o

120 1233 156 1295 ad
178 1234 232 1295 bas
248 1232 364 1294 Solonis
387 1233 490 1294 decem
511 1233 712 1296 hebdomadas
734 1235 844 1294 addidit
859 1235 946 1303 duas,
974 1243 1003 1296 et
1018 1251 1084 1312 spa·

119 1320 194 1380 tium
219 1316 325 1395 plenae
350 1319 425 1378 vitae
453 1325 593 1394 quattuor
620 1327 649 1378 et
674 1321 821 1396 octoginta
848 1336 993 1378 annorum
1020 1335 1085 1378 esse

119 1403 206 1471 dixit;
223 1421 312 1481 quem
328 1405 489 1462 terminum
506 1404 530 1462 si
545 1404 612 1482 quis
627 1406 778 1482 praeterit,
796 1403 894 1463 facere
909 1403 988 1462 idem
1004 1402 1085 1481 quod

118 1487 336 1548 stadiodromoe
352 1504 386 1546 ac
402 1487 561 1564 quadrigae
576 1489 702 1556 iaciunt,
726 1505 792 1548 curn
815 1497 897 1548 extra
911 1488 1000 1548 finem
1016 1504 1085 1564 pro·

69 1584 100 1634 tt
120 1580 253 1632 currunt.
285 1571 418 1632 Etruscis
434 1589 552 1650 quoque
567 1570 649 1632 libris
666 1571 801 1632 tatalibus
817 1580 942 1633 aetatem
957 1571 1085 1631 hominis
1103 1583 1121 1632 6

119 1656 276 1717 duodecim
313 1654 548 1716 hebdomadibus
584 1653 704 1716 discribi
734 1656 827 1716 Varro
864 1663 1085 1716 commemorat.

119 1758 195 1820 qnae
211 1741 316 1802 duce*
332 1741 369 1800 ad
384 1739 483 1800 decies
499 1747 637 1819 septenos
653 1757 746 1800 annos
762 1759 849 1820 posse
866 1738 962 1800 satalia
979 1740 1085 1817 depre-

119 1824 216 1885 cando
237 1824 329 1885 rebus
350 1825 454 1885 divinis
476 1825 625 1902 proferre,
657 1825 694 1884 ab
716 1843 794 1885 anno
816 1834 915 1886 autem
936 1837 1009 1883 Lxx
1031 1841 1085 1884 nec

118 1907 270 1988 postulari.
286 1908 396 1970 debere
418 1926 474 1970 nec
496 1925 583 1986 posse
605 1907 641 1969 ab
664 1909 726 1969 deis
747 1911 907 1988 impetrari.
952 1917 1086 1970 ceterum

68 2005 103 2054 20
122 1997 190 2070 post
210 2009 301 2052 annos
322 2005 476 2052 Lxxxlllt
499 2012 515 2052 a
531 2001 629 2053 mente
644 2011 696 2054 sua
711 1993 847 2054 homines
862 1993 959 2062 abire,
990 2011 1087 2072 neque

122 2076 170 2136 his
192 2075 256 2135 fieri
277 2078 420 2154 prodigia.
459 2077 511 2138 sed
533 2095 569 2136 ex
585 2078 627 2137 eis
642 2076 781 2137 omnibus
800 2078 934 2156 proxime
949 2077 1121 2136 ridentur?

121 2159 285 2222 adcessisse
311 2171 447 2222 naturam
476 2162 527 2241 qui
551 2159 787 2221 bebdomadibus
812 2161 971 2221 humanam
998 2161 1086 2220 vitam

120 2245 233 2306 emensi
256 2253 333 2306 sunt.
370 2247 434 2307 iere
454 2247 532 2306 enim
554 2252 621 2323 post
641 2247 798 2323 septimum
815 2262 961 2324 quemque
977 2261 1086 2304 annum

120 2329 260 2391 articulos
279 2331 422 2410 quosdam
444 2338 472 2391 et
494 2331 523 2390 in
539 2330 585 2390 bis
606 2328 714 2407 aliquid
735 2331 802 2391 nori
823 2338 927 2390 natura
949 2329 1085 2398 ostendit,

70 2422 103 2472 25
120 2421 152 2474 ut
177 2422 207 2474 et
233 2415 263 2474 in
289 2414 381 2493 elegia
403 2414 520 2476 Solonis
546 2432 727 2493 cognoscere
752 2414 847 2477 datur.
892 2415 932 2475 ait
958 2414 1086 2474 enimin

120 2500 215 2577 prima
237 2498 423 2560 hebdomade
444 2499 547 2560 dentes
567 2499 680 2560 bomini
701 2499 821 2569 cadere,
842 2501 872 2559 in
888 2497 1016 2560 secunda
1031 2515 1086 2576 pu·
1137 2531 1138 2536 κ

187 2786 212 2834 1.
228 2783 443 2848 portlaboraret
460 2786 486 2834 in
498 2785 523 2834 D
535 2785 596 2836 add.
614 2783 678 2834 bruc
698 2782 730 2834 ab
748 2782 930 2849 phosphoron
948 2797 1018 2846 quae
1038 2795 1088 2832 est·

119 2865 235 2906 acuente
260 2866 366 2901 arenae
388 2867 459 2902 rene
478 2850 654 2902 raurumbem
677 2852 735 2902 hoo
748 2867 797 2902 ear
816 2849 897 2901 antub
915 2851 1087 2900 hemtrourou

121 2917 299 2981 (semitonion
311 2918 354 2984 (ηε
371 2921 428 2970 vide
437 2935 465 2984 p.
479 2922 525 2982 23,
536 2923 569 2970 16
619 2919 799 2984 btppocaerrs
812 2920 846 2981 Ι),
863 2918 1047 2983 hyppocrates
1063 2917 1091 2966 V

120 2987 144 3036 3.
162 2987 260 3036 aetatu
282 2986 310 3036 V
365 2985 740 3038 4.on0oersaces1mun1)V
795 2989 820 3038 5.
838 2986 1006 3036 tricesimum
1029 2984 1057 3034 V

120 3053 145 3102 6.
168 3053 383 3118 quadragesimi
408 3054 435 3104 V
506 3054 762 3119 quinquagesimum
788 3054 815 3104 V
885 3054 910 3104 8.
934 3053 1087 3119 hyppocra-

120 3121 157 3170 tis
177 3120 206 3169 V
255 3122 296 3170 11.
314 3120 479 3172 ebdomades
496 3122 524 3172 V
572 3124 612 3174 13.
629 3122 746 3187 preterit
768 3121 796 3171 V
848 3122 889 3175 15.
907 3133 1045 3172 ernunsus
1063 3120 1088 3168 b

121 3189 161 3237 16.
180 3185 372 3239 eabomabraus
390 3188 447 3238 DV
512 3187 636 3240 besorum
657 3190 682 3239 D
752 3190 793 3239 17.
819 3203 871 3252 que
890 3189 952 3239 dum
972 3188 1007 3238 ad
1030 3187 1056 3235 V

123 3253 316 3318 depraecando
339 3255 375 3319 V,
399 3271 467 3308 corr.
489 3272 520 3308 m.
540 3259 557 3306 2
626 3260 667 3307 21.
690 3268 835 3322 proximae
852 3257 878 3305 D
946 3257 987 3305 22.
1007 3252 1087 3305 eubo-

123 3319 245 3372 mabtnus
264 3323 321 3372 DV
386 3325 428 3374 25.
448 3323 593 3390 etinlegia
610 3323 637 3374 V
686 3325 790 3373 atenim
806 3323 832 3373 V
880 3320 1088 3387 inprima‘heb-

124 3387 237 3440 domade
256 3397 304 3440 cet.
322 3391 349 3439 in
367 3390 424 3440 DV
436 3407 517 3456 supra
534 3393 694 3441 inveniuntur
718 3387 790 3452 (aide
809 3392 844 3440 ad
862 3405 890 3454 p.
910 3391 951 3448 12,
971 3387 1017 3450 dir
1040 3389 1088 3438 boc

122 3462 203 3508 actem
220 3462 277 3509 loco
295 3461 412 3522 leguntur
423 3464 577 3523 temporum
596 3459 620 3508 si
633 3463 756 3510 veterum
768 3463 816 3507 cet.
835 3453 903 3522 (atde
916 3472 974 3520 cap.
989 3459 1028 3518 1⁷,
1043 3455 1086 3520 10)

121 3525 162 3575 16,
182 3522 349 3576 eabomabae
367 3526 406 3590 Ι),
425 3525 576 3576 ebdomade
598 3525 623 3575 V
