2558 4062
380 267 428 316 ns
450 267 512 314 nm
534 268 665 316 surum
688 267 763 316 cnr.
779 270 850 316 xvc.
1054 253 1097 320 29

126 425 186 484 que
202 407 300 468 animo
314 405 459 467 valentem
475 405 591 486 longior
606 415 722 468 maneat
737 413 884 469 senectus.
915 427 1001 488 quem
1018 409 1096 470 enirn

126 499 261 552 veterum
283 508 362 551 nunc
377 491 520 552 memorie
542 493 717 571 suspicimus
738 492 894 569 prudentia
915 491 960 552 vel
983 499 1109 570 tempe·'

126 576 223 636 rantia
245 573 291 636 vel
311 576 420 636 iustitie
436 575 481 636 vel
497 576 669 637 tortitudine
684 575 738 636 tibi
753 583 902 638 antestare
923 575 1096 657 [dicimus]?

127 661 196 738 quis
210 677 331 730 eorum,
348 661 372 720 si
388 659 520 728 adesset,
539 678 599 720 non
614 662 644 720 in
663 667 692 720 te
708 661 840 722 omnium
856 662 994 722 virtutum
1010 679 1096 739 prae-

93 743 306 806 sdicationem
336 744 507 804 conterret?
546 746 612 823 quis
641 746 700 805 tuis
728 743 866 806 laudibus
897 763 929 806 se
958 747 1096 824 postponi

128 827 339 890 erubesceret?
367 826 439 889 illud
456 835 555 896 certe,
578 835 611 888 ut
631 829 778 904 arbitror,
802 829 923 906 dignum
944 837 989 890 est
1009 847 1096 908 prae·

128 912 293 983 dicatione,
324 912 419 991 quod,
447 931 518 973 cum
535 912 591 974 illis
606 913 701 974 lerme
723 912 861 974 omnibus
876 915 1010 991 quamvis
1025 931 1096 992 pru·

128 996 308 1058 doctissimis
329 1004 359 1058 et
378 997 482 1075 procul
510 997 701 1076 erepublica
725 1000 830 1058 amotis
856 1015 915 1057 uon
940 999 1097 1076 contigerit

127 1083 192 1142 sine
212 1082 376 1142 offensione
396 1088 426 1140 et
446 1081 514 1142 odio
534 1081 710 1160 plerumque
731 1082 849 1159 capitali
866 1084 955 1144 vitem
976 1082 1094 1160 degere,

80 1179 110 1227 to
128 1171 273 1226 tutamen
290 1165 395 1226 olflciis
410 1165 637 1244 municipalibus
653 1166 785 1238 iunctus,
808 1167 923 1228 bonore
937 1167 1096 1228 sacerdotii

127 1250 157 1310 in
182 1249 366 1328 principibus
392 1258 460 1311 tuae
491 1250 614 1312 civitatis
644 1252 836 1328 conspicuus,
868 1251 979 1312 ordinis
1009 1253 1096 1311 etiam

128 1335 276 1411 equestris
300 1334 440 1413 dignitate
465 1335 589 1412 gradum
620 1335 843 1413 provincialium
874 1352 1095 1413 supergressus,

127 1436 188 1478 non
205 1419 294 1480 modo
310 1420 373 1480 sine
387 1419 620 1498 reprehensione
635 1428 665 1480 et
679 1420 783 1480 invidie
798 1434 917 1497 semper
933 1418 1031 1487 luisti,
1046 1437 1095 1478 ve-

127 1520 195 1564 rum
218 1505 306 1564 etiam
320 1504 452 1564 omnium
475 1506 596 1565 omnino
617 1522 748 1564 amorem
771 1522 838 1564 cum
854 1504 980 1564 maxime
1001 1503 1095 1581 glorie

78 1599 110 1648 15
129 1595 308 1648 consecutus
323 1605 363 1649 es.
396 1589 461 1667 quis
481 1606 497 1648 a
513 1596 541 1649 te
557 1590 638 1649 nosci
654 1596 705 1649 aut
722 1606 757 1649 ex
778 1587 961 1665 amplissimo
977 1595 1096 1648 senatus
1114 1600 1129 1648 o

129 1672 234 1733 ordine
257 1690 318 1733 non
340 1673 461 1752 expetiit
482 1679 532 1733 aut
547 1691 582 1733 ex
598 1672 757 1734 humiliore
771 1671 866 1750 plebis
882 1690 943 1732 non
965 1673 1095 1748 optavit?

128 1757 194 1836 quis
220 1756 388 1817 mortalium
415 1756 460 1817 vel
480 1765 511 1818 te
536 1757 607 1819 vidit
632 1757 678 1817 vel
703 1758 740 1818 de
760 1765 813 1819 tuo
833 1757 952 1818 nomine
973 1757 1095 1835 accepit,

128 1842 201 1920 quin
221 1849 252 1902 et
265 1841 332 1901 loco
347 1841 446 1902 fratris
460 1845 594 1920 germani
614 1841 714 1920 diligat
735 1848 765 1903 ct
778 1843 841 1902 vioe
855 1842 987 1920 parentis
1008 1857 1095 1902 vene·

130 1926 230 1986 returi
253 1927 318 2004 quis
339 1926 455 2003 ignorat
470 1924 647 2003 probitatem
668 1927 809 2005 primam,
830 1927 918 1988 tidem
940 1943 1094 1992 summam,
1119 1966 1120 1970 ,

75 2023 112 2071 20
130 2007 338 2087 benignitatem
367 2009 584 2078 incredibilem,
627 2010 801 2072 modestiam
831 2010 1096 2089 verecundiamque

130 2093 310 2170 singularem
331 2101 489 2175 ceteraque
508 2094 697 2155 humanitatis
725 2094 821 2155 ollicia
842 2111 934 2172 penes
954 2101 984 2154 te
1003 2112 1095 2155 unum

130 2194 213 2248 esse,
244 2185 273 2238 et
293 2178 410 2258 quidem
432 2181 544 2240 maiora
566 2195 654 2255 quam
677 2180 791 2257 possint
806 2177 893 2255 digne
915 2194 1094 2256 aquoquam

129 2262 255 2324 relerril
288 2281 380 2342 quare
408 2270 437 2323 et
458 2278 513 2340 ego
534 2263 581 2323 bis
601 2281 681 2324 nunc
703 2262 970 2323 commemorandis
992 2274 1130 2338 super-o

130 2347 250 2408 sedebo.
282 2347 320 2407 de
335 2345 501 2427 eloquentia
518 2365 636 2428 quoque
651 2346 739 2418 sileo,
756 2363 844 2427 quem
864 2347 962 2407 omnia
977 2347 1095 2423 provin-

78 2442 112 2492 25
130 2433 243 2492 ciarum
264 2438 433 2493 nostrarum
448 2429 621 2503 tribunalia,
645 2449 747 2493 omnes
767 2431 919 2509 praesides
940 2437 1095 2497 noverunt,

130 2533 217 2596 mam
239 2516 367 2594 denique
387 2515 461 2577 urbs
475 2517 567 2578 Roma
590 2525 619 2578 et
639 2516 784 2578 auditoria
798 2534 882 2577 saera
898 2517 1002 2576 mirata
1017 2523 1095 2575 sunt.

129 2600 205 2661 baec
227 2619 260 2661 se
287 2607 316 2662 et
341 2600 541 2679 adpraesens
567 2608 595 2662 et
619 2601 649 2661 in
669 2600 768 2664 lutura
794 2599 912 2663 saecula
938 2599 1008 2661 satis
1034 2600 1095 2677 ipsa

130 2684 275 2746 nobilitet.

194 2769 279 2830 Nunc
297 2787 368 2830 vero
388 2737 534 2848 quatenus
554 2769 593 2831 de
608 2769 655 2830 die
671 2768 763 2832 natali
778 2767 891 2840 scribo,
915 2784 1012 2828 meum
1029 2784 1093 2828 mu·
1111 2772 1147 2832 16

80 2862 114 2914 30
130 2871 187 2916 nus
200 2853 317 2934 inplere
333 2853 478 2923 conabor,
495 2861 671 2933 tempusque
687 2854 878 2922 hodiernum,
896 2869 955 2931 quo
970 2852 1097 2911 maxime

131 3033 334 3041 w..-

201 3143 225 3194 l.
248 3155 328 3206 quom
352 3141 425 3192 enim
445 3145 583 3201 vetemur,
609 3153 722 3204 quorum
744 3139 903 3191 memoriam
925 3139 1097 3205 suspicimus,

132 3206 280 3271 prudentia
297 3234 330 3246 -
349 3209 484 3260 antistare
503 3207 625 3259 dicemus
642 3208 739 3259 labsus
759 3210 894 3260 secundnm
911 3208 1098 3258 Luebmacuum

132 3277 158 3324 2.
177 3275 348 3340 suscepimus
371 3277 399 3326 V
463 3279 488 3328 3.
506 3275 712 3327 construentem
725 3277 750 3326 I)
818 3277 843 3327 b.
861 3289 1015 3341 posuposur
1032 3287 1097 3323 eeu-

132 3354 265 3394 stsceseu
282 3345 320 3405 D,
351 3346 459 3396 corrui
525 3345 549 3395 8.
573 3355 659 3395 moues
677 3343 744 3405 DV,
774 3345 888 3394 remotis
907 3342 1030 3393 Ooocltius

133 3411 158 3458 9.
180 3423 246 3461 utre
263 3411 318 3461 DV
386 3412 427 3464 to.
446 3411 587 3463 secerdoti
609 3412 637 3460 V
701 3413 742 3462 ts.
766 3404 1003 3476 repraehensione
1022 3408 1047 3456 D

135 3477 174 3528 15.
195 3477 242 3542 qui
264 3481 284 3529 d
305 3477 333 3540 (s
351 3481 438 3530 littero
457 3477 604 3544 expuncta)
675 3479 716 3530 to.
740 3491 854 3544 experte
878 3478 903 3526 D
971 3477 1013 3526 ut.
1035 3489 1098 3540 pre-

134 3557 197 3595 sens
220 3544 248 3593 V
312 3549 353 3596 30.
370 3546 484 3612 implere
507 3547 535 3596 V
