2588 4066
198 209 240 274 56
502 223 708 270 saxoneum
732 222 807 272 une.
824 222 859 270 11.

200 364 366 442 progignit,
389 369 418 425 et
432 362 627 440 temperantia
641 361 771 431 fovetur,
791 361 1018 439 intemperantia
1033 359 1172 422 laeditur.

200 450 325 508 invicem
341 464 433 526 porro
453 445 597 507 elementa
613 444 774 506 succedere
798 453 827 506 et
846 446 968 506 interitu
984 444 1173 524 singulorum

200 534 336 594 universa
352 531 415 592 irari
431 532 609 611 sempiterna
625 528 811 590 manifestum
828 537 881 592 est.

166 730 184 788 2
484 731 535 782 ΒΕ
554 729 663 781 dnum
680 729 887 781 POSITIONE.

267 867 386 930 Caelum
412 864 531 929 circulis
557 866 688 944 quinque
713 864 912 940 distinguitur.
958 882 1086 945 qnorum
1113 865 1209 928 duos

203 951 326 1014 extremi
342 953 469 1012 maxime
485 948 593 1028 frigidi,
611 946 748 1010 australis
763 945 945 1010 humillimus
961 955 991 1010 et
1006 948 1176 1028 aquilonius
1273 981 1274 988 ,

203 1036 428 1097 excelsissimus.
472 1034 518 1094 his
537 1034 687 1112 utrimque
708 1033 835 1112 proximi
861 1034 919 1094 duo
941 1033 1101 1112 paralleloe
1123 1053 1175 1094 vo·
1273 1079 1274 1104 ,

203 1127 316 1188 cantur,
333 1126 366 1179 ut
379 1121 419 1180 ita
435 1117 574 1186 dixerim,
590 1134 684 1195 aeque
700 1117 850 1186 distantes,
867 1117 944 1178 idem
959 1119 1076 1197 tropici,
1093 1118 1175 1189 idem
1273 1173 1274 1180 ,

204 1203 396 1272 solistitiales;
431 1202 504 1264 alter
524 1199 683 1269 hibernus,
711 1218 766 1278 per
788 1218 876 1278 quem
897 1200 941 1261 sol
967 1204 1176 1263 transmittens
1273 1199 1274 1244 t

203 1295 304 1350 octava
326 1295 410 1366 parte
432 1287 600 1366 capricorni
621 1282 966 1359 solistitiumhihernum
988 1285 1073 1355 iacit;
1098 1285 1176 1348 alter
1195 1297 1224 1345 10

204 1375 347 1441 aestivus,
377 1389 432 1450 per
459 1388 547 1452 quem
573 1368 617 1432 sol
644 1377 744 1430 octava
765 1376 848 1448 parte
877 1369 977 1430 cancri
1004 1370 1176 1432 solistitium

170 1469 185 1515 2
206 1459 346 1518 aestivum
362 1456 440 1516 iacit.
467 1455 582 1517 medius
598 1461 642 1514 est
658 1452 887 1532 aequinoctialis,
905 1454 956 1533 qui
971 1460 1073 1515 octava
1088 1462 1177 1532 parte

205 1542 305 1601 arietis
331 1541 550 1620 aequinoctium
575 1554 716 1606 vernum,
753 1545 856 1598 octava
881 1537 975 1600 librae
1002 1538 1176 1600 autumnale

205 1625 364 1686 constituit.

269 1709 306 1769 Ut
326 1707 428 1768 circuli
449 1705 593 1774 incaelo,
615 1707 655 1766 ita
671 1707 701 1766 in
717 1713 813 1766 terra:
838 1723 929 1767 nouae
945 1715 1097 1768 vocantur.
1129 1708 1174 1768 in·
1194 1716 1222 1763 15

204 1792 372 1854 habitabilis
387 1790 465 1851 inira
480 1791 604 1868 frigidus
621 1789 750 1851 cuculus
765 1791 803 1852 ob
819 1794 951 1870 rigorem
969 1814 985 1852 a
1002 1814 1017 1853 a
1040 1791 1120 1868 quod
1137 1791 1174 1852 ab

204 1877 251 1937 his
265 1876 436 1954 longissime
451 1873 495 1935 sol
511 1874 607 1945 abest,
629 1875 700 1935 item
715 1875 792 1935 intra
810 1874 923 1936 calidus
938 1875 1173 1954 aequinoctialis,

171 1970 187 2018 3
205 1961 285 2041 quod
305 1958 360 2020 sub
380 1960 490 2022 vertice
511 1957 581 2020 solis
601 1969 654 2020 est.
692 1958 746 2019 sub
763 1976 822 2038 quo
838 1960 957 2038 quidam
978 1959 1116 2022 habitare
1131 1960 1174 2021 di·

206 2051 306 2106 cunt*
324 2042 506 2124 leydropiae
528 2050 557 2104 et
577 2042 748 2122 Aethiopiae
769 2046 925 2106 maximam
946 2051 1080 2122 partem,
1102 2045 1175 2106 item

204 2129 348 2210 plurimas
374 2127 484 2190 insulas
509 2129 599 2188 maris
621 2127 707 2188 rubri
732 2126 865 2205 aliosque
888 2129 1013 2190 vertices
1041 2129 1174 2190 eminen·
1192 2135 1223 2184 2ο

206 2214 318 2293 tiasque
334 2220 483 2275 terrarum
499 2213 609 2274 nostris
624 2211 791 2291 ampliores.
829 2211 885 2272 sub
900 2213 1023 2292 tropicis
1038 2211 1174 2274 hahitare

205 2295 279 2358 nihil
295 2296 417 2358 dubium
434 2304 487 2357 est.
523 2303 625 2357 noster
640 2295 809 2358 solistitialis
825 2297 952 2357 aestivus
973 2302 1018 2357 est
1039 2297 1175 2358 excelsus

172 2391 190 2438 4
208 2380 304 2460 adque
320 2381 440 2440 arduus.
476 2379 558 2443 divisi
575 2397 591 2438 a
606 2379 693 2442 nobis
709 2379 820 2450 circulo
835 2378 1044 2460 aequinoctiali
1058 2382 1174 2442 antich-

207 2464 314 2525 thones
329 2464 529 2524 nominantur.
552 2463 690 2524 videntur
700 2463 826 2526 humiles
842 2464 938 2544 adque
951 2464 1084 2544 depressi
1096 2463 1175 2549 [qui-

274 2718 299 2766 2.
329 2714 475 2767 succidere
498 2716 523 2766 J)
592 2718 617 2766 ’1.
643 2731 825 2780 paxannecae
852 2717 889 2780 D,
919 2715 1055 2782 parallelo
1082 2719 1110 2767 V

207 2787 231 2836 9.
260 2783 424 2834 solstitiales
450 2786 479 2834 V
558 2794 773 2834 rnausmtruexs
803 2795 936 2834 oerauam
963 2795 1080 2850 pararem
1111 2785 1175 2849 DV,

206 2851 345 2904 transiens
369 2856 397 2902 at
419 2855 518 2902 tenens
545 2854 674 2904 octavam
696 2854 805 2916 partem
828 2851 925 2908 Iadnacs
947 2867 982 2902 erc
1004 2852 1083 2903 codol.
1110 2853 1175 2902 Ger·

207 2918 298 2968 manici
365 2920 407 2971 10.
426 2920 467 2972 11.
491 2917 639 2970 solstitium
661 2918 698 2976 V,
755 2918 796 2969 15.
819 2918 849 2968 in
866 2933 913 2970 om.
932 2919 991 2969 DV
1055 2919 1097 2971 16.
1115 2926 1177 2984 port

206 2985 326 3048 rigorem
348 2986 416 3034 adde
436 2985 503 3035 item
526 3001 609 3050 supra
635 2988 675 3036 uel
696 2985 763 3038 item
785 2987 808 3038 is
832 2986 879 3051 qni
901 3001 984 3051 supra
1008 2989 1051 3036 est
1122 3001 1176 3052 quo

208 3050 243 3100 ab
266 3051 291 3118 V
359 3053 399 3101 17.
423 3063 491 3102 ruem
513 3065 541 3102 tn
560 3051 656 3103 radios
682 3065 913 3118 aequinocrtaaes
930 3054 987 3104 DV
1007 3051 1065 3116 (sed
1087 3061 1175 3104 extre·

206 3133 269 3168 mam
283 3132 296 3168 s
308 3119 335 3168 in
346 3119 371 3178 Ι),
384 3119 445 3168 add.
457 3135 487 3185 aq.
495 3117 538 3186 2),
557 3120 625 3170 item
636 3118 742 3170 medius
761 3121 975 3202 aequinoctialis
993 3122 1050 3174 cod.
1063 3121 1178 3174 Munatii

208 3223 248 3272 18.
265 3216 373 3285 dieunt]
393 3222 494 3283 putant
509 3220 536 3272 V
602 3221 644 3274 ta.
663 3205 811 3287 rpdrop¹ae
824 3223 879 3274 dia
890 3237 955 3286 aas„
974 3220 1125 3288 cydropiee
1142 3223 1174 3281 V,

208 3287 359 3340 Gedrosiae
379 3287 519 3341 Urliclnius
588 3285 732 3352 erhtoptae
750 3289 807 3343 uV
873 3292 915 3342 22.
933 3289 1094 3342 solstitialis
1116 3290 1143 3342 V

208 3356 250 3408 23.
268 3358 353 3419 sique
369 3354 395 3409 V
462 3351 669 3418 antichthouos]
687 3369 819 3412 sartores
837 3356 894 3407 DV
910 3355 1121 3420 (correoeituetas
1133 3359 1175 3408 tlte

206 3425 383 3484 praenotatione
394 3423 579 3486 quiplossemu,
599 3423 743 3486 paeduceo
759 3423 831 3486 infra
842 3426 935 3488 lenitur
949 3431 1012 3490 post
1027 3426 1175 3488 terrarum,

208 3487 368 3555 adscripsit),
387 3488 539 3540 antistones
557 3505 587 3539 m.
606 3503 659 3541 reo.
677 3493 704 3540 in
725 3491 750 3541 V
766 3493 793 3547 in
810 3507 891 3556 marp.
961 3492 1003 3544 24.
1022 3495 1108 3554 atque
1130 3490 1159 3540 V
