2558 4062
377 267 425 314 on
447 268 508 315 orn
531 268 664 316 ueram
687 269 762 316 car.
779 271 837 318 xx.
1045 254 1088 318 43

118 408 193 486 ginti
209 408 300 468 trium
317 406 432 468 dierum
454 405 575 469 alternis
591 409 675 468 annis
695 407 762 469 addi
777 407 950 486 placuisset,
972 414 1005 468 ut
1020 409 1087 469 civi·

117 491 154 552 lis
168 509 265 552 annus
278 491 313 552 ad
328 488 490 552 naturalem
507 501 732 572 exaequaretur,
749 493 776 552 in
790 510 891 554 mense
904 493 1087 570 potissimum

117 575 284 636 Februario
304 577 381 636 inter
396 575 561 637 terminalia
578 583 607 638 et
621 576 797 655 regifugium
814 576 1017 638 intercalatum
1034 585 1086 647 est,

118 660 208 738 idque
224 661 274 720 diu
290 659 399 720 factum
415 661 498 739 prius
514 678 602 738 quam
623 663 783 722 sentiretur
806 679 899 722 annos
915 660 1014 722 civiles
1035 661 1087 720 ali·

85 753 101 804 t
119 751 230 822 quanto
245 742 428 806 naturalibus
449 762 514 806 esse
530 748 666 806 maiores.
697 745 775 824 quod
792 745 930 807 delictum
943 753 978 806 nt
993 748 1086 806 corri-

119 837 255 906 geretur,
280 827 469 906 pontificibus
490 829 589 890 datum
606 831 757 908 negotium
780 847 942 909 eorumque
964 829 1086 890 arbitrio

118 912 311 973 intercalandi
325 914 401 974 ratio
416 915 569 991 permissa.
594 915 646 976 sed
662 914 768 976 borum
785 913 918 993 plerique
933 913 971 976 ob
987 913 1086 974 odium
1106 925 1120 972 7

118 995 165 1058 vel
187 997 326 1075 gratiam,
356 1014 415 1074 quo
437 1000 503 1076 quis
524 999 696 1076 magistratu
718 1000 804 1059 citius
824 998 920 1058 abiret
940 998 1087 1060 diutiusve

119 1080 295 1159 iungeretur
316 1088 365 1142 aut
380 1080 491 1158 publici
511 1083 663 1143 redemtor
684 1101 719 1142 ex
743 1085 812 1142 anni
834 1083 1035 1160 magnitudine
1057 1084 1086 1142 iu

69 1174 100 1224 10
118 1164 202 1226 lucro
216 1165 359 1227 damnove
374 1175 466 1236 esset,
480 1165 546 1244 plus
560 1168 693 1228 minusve
707 1185 741 1228 ex
750 1165 872 1228 libidine
884 1164 1085 1228 intercalando

118 1268 184 1310 rem
206 1249 263 1310 sibi
283 1251 318 1310 ad
336 1251 544 1328 corrigendum
561 1251 728 1311 mandatam
749 1249 828 1312 ultro
849 1251 927 1330 qnod
943 1251 1085 1328 deprava-

119 1342 202 1403 runt,
227 1334 302 1395 adeo
323 1333 492 1396 aberratum
509 1342 601 1396 estut
617 1335 651 1396 G.
669 1335 775 1396 Caesar
793 1334 925 1414 pontifex
941 1336 1086 1395 maximus
1103 1346 1119 1394 8

118 1435 172 1480 suo
188 1432 230 1480 111
245 1427 275 1480 et
289 1419 327 1478 Μ.
343 1419 459 1480 Aemilii
474 1419 576 1497 Lepidi
594 1418 756 1488 consulatu,
774 1438 832 1498 quo
848 1427 930 1480 retro
945 1417 1085 1480 delictum

118 1504 296 1580 corrigeret,
328 1502 403 1564 duos
429 1520 547 1566 menses
567 1502 769 1566 intercalarius
792 1505 907 1564 dierum
929 1517 1028 1564 van
1054 1505 1085 1564 in

67 1595 100 1646 15
118 1605 252 1648 mensem
272 1587 470 1649 Nouembrem
497 1594 526 1646 et
546 1587 739 1650 Decembrem
768 1589 986 1666 interponeret,
1018 1605 1085 1649 cum

117 1672 174 1734 iam
191 1689 295 1732 mense
310 1671 473 1733 Februario
489 1672 551 1732 dies
567 1687 608 1734 111
625 1679 654 1732 et
668 1686 717 1732 xx
732 1669 942 1740 intercalasset,
959 1672 1085 1732 iaceret·
1127 1710 1131 1716 ,

117 1774 263 1835 querum
290 1773 399 1816 annum
421 1757 536 1818 dierum
557 1768 729 1825 ccccxcv,
760 1757 848 1818 simul
870 1757 1028 1834 providens
1056 1758 1084 1816 in

117 1839 310 1900 futurumne
336 1842 442 1902 iterum
470 1847 635 1900 erraretur:
674 1858 742 1900 nam
769 1841 956 1902 intercalario
983 1857 1085 1902 meuse

117 1922 234 1984 sublato
255 1942 366 1986 annum
389 1924 501 1986 civilem
524 1925 560 1984 ad
576 1924 646 1987 solis
667 1942 786 1985 cursum
809 1924 952 1985 iormavit.
984 1927 1084 2003 itaque
1103 1935 1118 1982 9

65 2018 100 2067 20
119 2007 223 2068 diebus
244 2020 354 2070 ccccv
375 2009 487 2070 addidit
508 2008 626 2078 decem,
655 2026 728 2087 quos
748 2026 802 2087 per
823 2016 935 2087 septem
957 2025 1084 2077 menses,

119 2092 171 2169 qui
187 2092 247 2152 dics
261 2093 470 2156 undetricenos
486 2092 649 2162 habebant,
666 2094 704 2152 ita
722 2091 911 2162 discriberet,
934 2100 965 2152 ut
980 2093 1083 2153 lanua·

117 2178 165 2237 rio
182 2183 210 2236 et
225 2176 327 2238 Sextili
343 2186 372 2238 et
386 2177 542 2240 Decembri
557 2176 620 2237 bini
636 2177 820 2246 accederent,
838 2177 943 2237 ceteris
959 2175 1082 2253 singuli,

118 2278 228 2341 eosque
249 2261 312 2322 dies
332 2263 471 2324 extremis
485 2261 618 2340 partibus
639 2261 785 2321 mensium
806 2261 954 2338 adposuit,
975 2277 1013 2318 ne
1028 2260 1083 2318 sci-

117 2342 186 2408 licet
205 2344 362 2424 religiones
383 2349 429 2408 sui
451 2348 593 2424 cuiusque
615 2347 723 2406 mensis
744 2363 759 2404 a
782 2344 846 2406 loco
862 2361 1083 2405 summoveren·

66 2438 100 2488 25
117 2436 176 2489 tur.
213 2438 395 2510 quapropter
416 2449 496 2492 nunc
511 2448 577 2490 cum
600 2431 631 2490 in
648 2437 760 2508 septem
777 2428 928 2490 mensibus
947 2428 1009 2490 dies
1024 2429 1083 2488 sin·
1103 2437 1135 2486 10

119 2513 178 2592 guli
194 2522 223 2574 et
234 2515 342 2576 triceni
356 2517 423 2585 sint,
442 2523 580 2593 quattuor
592 2524 691 2575 tamen
707 2513 748 2574 illi
759 2515 798 2575 ita
812 2515 949 2592 primitus
959 2513 1084 2574 instituti

118 2615 154 2658 eo
170 2599 365 2660 dinoscuntur
380 2599 458 2678 quod
474 2616 568 2659 nonas
583 2597 692 2659 habent
707 2601 899 2676 septimanas,
916 2599 1008 2658 ceteri
1023 2606 1084 2656 tres

118 2679 237 2764 [omnes
259 2682 307 2743 alii
328 2682 448 2764 reliqui]
471 2685 635 2762 quintanas.
671 2689 824 2760 praeterea
844 2699 899 2760 pro
920 2680 1083 2760 quadrante

186 2904 209 2952 3.
230 2901 416 2950 interminalia
439 2901 464 2949 V
531 2903 555 2954 5.
578 2901 717 2952 brnecrum
736 2901 760 2947 D
829 2900 853 2949 8.
872 2905 930 2964 post
949 2899 1039 2948 abiret
1061 2899 1086 2947 V

119 2971 179 3019 add.
208 2967 310 3018 diutius
335 2969 425 3018 abiret
493 2968 652 3032 bturrnsque
675 2966 732 3016 DV
796 2969 821 3016 9.
850 2967 1018 3032 redeptord

120 3037 366 3086 tumescent)
422 3035 537 3086 ctutbtne
556 3036 614 3086 DV
666 3033 875 3084 turenxaceubo
894 3035 931 3097 J),
963 3035 1083 3084 interca·

118 3101 199 3152 laudi
221 3103 248 3151 V
314 3106 352 3155 ll.
376 3101 450 3153 ultro
474 3103 545 3166 quod
567 3103 684 3152 Halmius
708 3101 783 3166 (quia
801 3102 1003 3166 herlemundus),
1034 3117 1084 3150 uc·

119 3184 199 3234 raoq.
212 3171 246 3231 D,
265 3169 393 3234 ultroque
410 3171 441 3234 V,
460 3177 550 3235 utroq3
568 3187 599 3223 m.
613 3187 665 3222 rec.
678 3172 703 3220 in
720 3168 747 3216 V
755 3173 781 3219 in
793 3187 873 3234 rnarq.
945 3172 984 3221 13.
1002 3181 1082 3219 aemi-

119 3250 163 3286 nto
182 3239 215 3300 D,
234 3237 310 3303 qmili
332 3239 361 3287 V
426 3240 465 3288 14.
485 3253 572 3288 xxrrrr
593 3238 648 3287 DV
713 3237 753 3288 18.
772 3237 973 3286 turenkucanto
992 3238 1016 3284 D

118 3338 161 3387 21.
180 3337 345 3389 discriberet
361 3340 492 3402 Halmius,
511 3311 688 3390 orscmnetm
706 3339 740 3400 D,
760 3338 903 3387 distribuit
925 3336 953 3384 V
965 3339 1037 3399 culpo

119 3405 161 3454 22.
180 3413 239 3469 post
256 3406 404 3457 Decembri
421 3408 446 3456 D
464 3407 525 3456 odd.
539 3421 572 3455 uc
642 3409 684 3458 23.
703 3415 834 3454 meusium
853 3405 877 3452 D
896 3409 954 3454 onte
972 3417 1026 3452 ros.
1049 3402 1082 3463 V,

119 3486 261 3522 mensuum
279 3476 297 3523 d
364 3476 405 3524 24.
424 3475 552 3538 regiones
574 3474 602 3524 V
666 3473 707 3523 28.
726 3487 819 3522 omnes
832 3471 881 3520 ulii
899 3469 997 3534 reliqui
1010 3471 1083 3520 eiecit

119 3538 237 3599 Montius,
257 3555 404 3606 omnesque
423 3541 523 3605 reliqui
540 3542 605 3592 coni.
625 3541 802 3590 Loobmcnnus
