2558 4062
190 247 215 311 4
459 258 506 304 nn
529 257 590 304 nne
611 256 742 304 ututur
765 253 839 303 cnr.
856 255 891 302 11.

194 419 291 479 neque
318 397 370 458 tibi
397 414 450 476 per
471 398 561 458 animi
582 397 721 456 virtutem
742 394 837 455 desint
862 410 918 454 nec
943 393 1016 454 mibi
1043 395 1162 470 perrel

194 486 367 548 tenuitatem
383 483 546 559 supersint,
569 479 776 559 quodcumque
792 479 849 539 boc
864 477 933 538 libri
949 484 994 539 est
1008 479 1081 538 meis
1096 480 1161 556 opi·

160 578 176 627 6
195 570 252 630 bus
268 573 470 646 comparatum
487 563 615 626 natalicii
630 562 713 624 titulo
729 561 783 623 tibi
799 564 875 622 misi.
910 563 941 622 in
957 580 1015 641 quo
1030 579 1106 630 non,
1129 571 1162 622 ut

194 653 346 732 plerisque
362 669 426 712 mos
443 657 501 719 est,
525 657 574 710 aut
590 667 625 708 ex
641 648 737 710 ethica
753 653 836 726 parte
850 645 1054 726 philosophiae
1075 664 1162 726 prae·

196 745 280 816 cepta
302 735 337 797 ed
353 735 439 796 beate
458 733 629 802 vivendum,
653 751 727 811 quae
742 731 795 792 tibi
810 731 998 800 scriberem,
1011 737 1162 792 mutuatus
1181 741 1196 789 5

195 839 276 890 sum,
307 829 357 881 aut
378 839 415 879 ex
437 817 550 879 artibus
569 817 723 879 rhetorum
747 815 830 878 locos
850 815 985 877 laudibus
1004 817 1062 875 tuis
1083 814 1161 876 cele·

194 903 316 966 brandis
344 911 520 983 persecutus
553 901 662 979 (adid
689 903 766 963 enim
792 903 931 961 virtutum
960 901 1092 961 omnium
1118 900 1160 960 f-

195 991 314 1066 stigium
341 988 510 1057 ascendisti,
543 995 576 1047 ut
601 994 706 1047 cuncta
733 987 802 1054 ista,
836 1003 912 1064 quae
938 983 983 1046 vel
1013 985 1161 1063 sapienter

194 1081 352 1134 monentur
373 1070 419 1132 rel
440 1070 567 1132 facunde
582 1071 804 1150 praedicantur,
827 1070 882 1130 vita
904 1068 1094 1149 moribusque
1110 1088 1160 1130 su-

195 1155 369 1237 peraveris),
388 1156 439 1216 sed
456 1175 491 1216 ex
506 1154 663 1235 philologis
679 1156 898 1216 commentariis
914 1154 1055 1233 quasdam
1071 1171 1161 1233 quae·
1180 1161 1212 1210 10

196 1240 358 1302 stiunculas
374 1239 486 1318 delegi,
509 1258 585 1320 quae
608 1248 765 1319 congestae
781 1241 893 1317 possint
914 1238 1094 1319 aliquantum
1110 1256 1160 1298 vo·

162 1319 177 1368 ⁷
195 1323 296 1387 lumen
317 1325 445 1387 efficere.
475 1325 564 1403 idque
580 1342 596 1385 a
611 1343 659 1386 me
675 1323 800 1385 docendi
815 1324 911 1386 studio
933 1323 979 1384 vel
995 1322 1160 1384 ostentandi

195 1417 262 1469 voto
284 1410 348 1470 fieri
364 1426 423 1471 non
439 1409 594 1487 praedico,
617 1427 656 1470 ne
670 1411 701 1468 in
716 1427 778 1478 me,
802 1419 835 1468 ut
856 1415 938 1469 vetus
953 1408 1089 1486 adagium
1106 1415 1159 1478 est,

161 1495 177 1544 8
195 1495 261 1554 iure
277 1493 392 1554 dicatur
413 1511 475 1554 sus
497 1493 703 1554 Minervam.
734 1497 797 1554 iam
811 1510 881 1554 vero
902 1510 969 1553 cum
984 1499 1036 1553 tuo
1052 1490 1161 1552 collatu

196 1579 302 1638 scirem
336 1595 382 1637 me
409 1577 495 1654 plura
522 1577 674 1646 didicisse,
710 1595 748 1638 ne
774 1576 926 1638 beneficiis
957 1578 1013 1638 tuis
1043 1576 1160 1636 viderer
1180 1585 1211 1634 15

195 1663 342 1740 ingratus,
373 1669 544 1722 nostrorum
571 1669 703 1722 veterum
730 1661 981 1722 sanctissImorum
1007 1660 1159 1722 bominum

161 1749 177 1797 9
197 1744 330 1823 exempla
352 1762 416 1806 sum
439 1753 566 1806 secutus.
602 1744 644 1805 illi
660 1747 738 1806 euim
755 1745 832 1824 quod
849 1745 1000 1815 alimenta,
1024 1746 1158 1823 patriam,

195 1828 302 1898 lucem,
319 1846 351 1888 se
366 1829 496 1907 denique
510 1831 590 1907 ipsos
605 1829 683 1889 dono
700 1829 824 1890 deorum
839 1829 997 1900 habebant,
1015 1848 1051 1890 ex
1065 1831 1160 1889 omui·

195 1912 251 1974 bus
278 1911 386 1991 aliquid
414 1912 476 1973 deis
496 1911 667 1983 sacrabant,
699 1915 792 1991 magis
821 1913 894 1974 adeo
916 1921 947 1976 ut
972 1932 1036 1976 sese
1059 1920 1160 1992 gratos
1262 1971 1263 1986 ,

195 1996 397 2076 adprobarem
417 2015 504 2076 quam
521 1997 598 2075 quod
615 1997 687 2058 deos
702 1998 759 2058 boc
780 1998 993 2060 arbitrarentur
1015 1997 1157 2076 indigere.
1178 2008 1210 2056 20

114 2113 119 2118 -
145 2085 177 2136 10
194 2082 294 2158 itaque
316 2098 384 2141 oum
405 2090 603 2161 perceperant
623 2083 739 2161 fruges,
771 2089 839 2143 ante
860 2101 947 2162 quam
968 2091 1160 2144 vescerentur

194 2165 257 2227 deis
271 2164 364 2227 libare
379 2167 577 2236 instituerunt,
595 2174 702 2228 etcum
718 2184 806 2245 agros
821 2167 917 2244 adque
931 2167 1021 2228 urbes
1035 2165 1158 2230 deorum

193 2268 318 2311 munere
333 2251 533 2330 possiderent,
549 2257 664 2330 partem
681 2250 828 2329 quandam
843 2249 959 2329 templis
974 2250 1158 2330 sacellisque,
1263 2249 1264 2258 ’

195 2334 246 2395 ubi
267 2351 319 2395 eos
340 2335 485 2406 colerent,
513 2334 699 2396 dicaverunt:
728 2333 847 2412 quidam
874 2337 960 2394 etiam
981 2353 1038 2412 pro
1059 2343 1159 2396 cetera

195 2418 328 2495 corporis
349 2417 428 2479 bona
449 2417 614 2480 valetudine
634 2420 746 2479 crinem
769 2417 825 2478 deo
847 2435 963 2479 sacrum
989 2419 1157 2495 pascebant.
1177 2427 1209 2478 25

144 2506 175 2555 ll
194 2502 233 2562 ita
256 2519 323 2580 ego,
349 2519 438 2579 aquo
453 2501 539 2582 plura
560 2504 591 2562 in
605 2502 710 2564 litteris
729 2502 865 2582 percepi,
887 2500 939 2560 tibi
960 2500 1034 2564 haec
1055 2505 1159 2581 exigua

193 2585 287 2648 reddo
301 2584 451 2648 libamina.

159 2667 178 2727 2
260 2669 345 2731 Nunc
366 2672 506 2749 quoniam
525 2669 600 2731 liber
617 2670 653 2731 de
669 2670 716 2731 die
733 2668 824 2731 natali
844 2669 1030 2741 inscribitur,
1053 2689 1069 2731 a
1085 2673 1159 2734 votis

194 2755 324 2833 auspicia
344 2764 509 2816 sumantur.
555 2755 653 2833 itaque
674 2755 773 2816 hunc
794 2755 902 2826 diem,
925 2755 1004 2834 quod
1026 2756 1066 2815 ait
1087 2755 1159 2816 Per-

193 2840 269 2908 sius,
298 2857 448 2900 numera
471 2838 627 2901 meliore
653 2838 801 2918 lapillo,
829 2840 918 2920 idque
938 2856 1025 2919 quam
1048 2840 1159 2920 saepis·
1178 2847 1210 2900 30

262 3058 289 3107 4.
312 3070 346 3104 ex
364 3055 618 3120 ethicaManutiuc,
650 3058 749 3108 exhrca
767 3059 804 3119 D,
835 3059 881 3109 hic
901 3075 917 3109 a
939 3060 965 3110 V
1030 3061 1055 3110 ὅ.
1078 3063 1164 3130 neate

191 3121 219 3171 D
288 3124 312 3174 6.
326 3123 450 3174 uocusD
518 3125 543 3174 9.
556 3127 727 3175 mouerunD
784 3126 928 3178 racunbae
944 3127 969 3176 D
1040 3127 1081 3180 11.
1096 3143 1158 3177 con·

195 3191 273 3255 geste
296 3191 321 3239 V
389 3193 429 3241 13.
452 3205 508 3240 non
525 3189 631 3242 fieriV
701 3191 841 3260 abceorum
862 3193 952 3259 (prior
968 3208 985 3260 9
1002 3209 1037 3245 ccc
1054 3209 1070 3244 c
1086 3195 1160 3257 facta

194 3271 251 3308 esse
268 3256 378 3322 videtur)
399 3259 431 3317 l),
451 3256 570 3322 elogium
591 3259 618 3308 V
685 3262 724 3311 14.
742 3262 799 3312 iam
816 3259 892 3325 vero]
910 3277 981 3312 uero
999 3263 1039 3324 D,
1058 3260 1158 3313 docere

199 3325 231 3388 V,
249 3339 344 3375 verum
362 3325 461 3375 [abnue
513 3326 552 3377 15.
570 3323 706 3377 benificiis
729 3329 756 3379 V
812 3330 852 3379 18.
871 3328 1010 3380 habebam
1032 3331 1070 3394 V,
1089 3345 1158 3380 corr.

194 3406 225 3440 m.
245 3395 261 3441 2
331 3394 372 3446 19.
390 3407 453 3444 sese
471 3395 566 3458 gratos
583 3393 708 3453 Halmius,
729 3408 760 3446 se
772 3409 911 3461 proceros
926 3397 956 3456 b,
976 3411 1006 3446 se
1019 3403 1115 3462 gratos
1137 3397 1161 3445 V

195 3459 237 3508 20.
255 3458 329 3508 bessa
340 3460 375 3525 D,
394 3459 478 3511 diisd
531 3462 923 3530 anntnraneuuntnbecenell
975 3465 1017 3516 22.
1031 3465 1111 3530 alque
1124 3466 1157 3526 Ι),

196 3527 280 3590 atque
303 3527 331 3576 V·
395 3530 437 3581 29.
456 3540 590 3579 eumerus
607 3529 632 3578 D
684 3530 760 3581 Pera.
777 3533 838 3590 2,1
907 3532 948 3584 30.
969 3531 1113 3597 sepissime
1135 3535 1162 3583 V
