2588 4066
207 193 250 260 48
444 208 492 255 nu
515 209 576 256 nin
599 208 732 256 usuum
754 207 829 256 cnr.
845 209 933 256 xxu.

176 348 290 411 electi.
333 347 461 420 maiores
483 365 601 428 qunque
624 349 716 410 nostri
737 347 815 410 idem
837 353 906 408 sunt
926 345 1081 417 aemulati,
1111 365 1185 408 cum

209 449 319 494 annum
342 432 457 493 dierum
479 444 588 494 ccccv
615 432 767 494 baberent.
813 431 864 492 sed
886 431 974 492 Divus
997 431 1091 492 lulius
1113 449 1185 492 curu

209 515 322 578 videret
342 517 398 576 bac
420 517 535 578 ratione
554 535 652 597 neque
673 516 709 578 ad
731 517 830 578 lunam
847 533 979 584 menses,
1007 523 1039 576 ut
1059 522 1188 595 oporte·

210 601 276 674 bat,
293 618 390 679 neque
405 619 499 662 annos
514 601 550 662 ad
567 601 658 662 solem
674 603 850 668 convenire,
866 597 970 660 maluit
985 617 1097 662 aunum
1114 618 1186 660 cnr·

209 689 324 762 rigere,
355 693 387 745 ut
407 686 450 747 sie
471 687 559 747 etiam
583 703 700 747 menses
721 685 820 747 civiles
841 701 910 743 cum
931 685 1007 746 veris
1028 682 1086 745 illis
1102 683 1185 745 sola·
1205 694 1223 744 5

209 769 307 840 ribus,
339 771 393 830 etsi
416 787 475 830 non
497 770 620 848 singuli,
651 777 750 832 tamen
771 769 898 831 universi
928 768 966 829 ad
993 769 1063 829 anni
1090 769 1186 832 linem

210 856 378 916 necessario
394 863 618 915 concurrerent.

174 947 192 996 9
274 939 399 998 Nomina
425 939 528 999 decem
554 937 707 1001 mensibus
733 937 861 1016 antiquis
884 935 1044 998 Romulum
1073 936 1185 998 fecisse

210 1022 331 1084 Fulvius
352 1029 381 1083 et
395 1021 497 1084 lunius
517 1029 654 1084 auctores
674 1030 752 1084 sunt.
785 1031 814 1084 et
836 1019 954 1100 quidem
970 1020 1045 1083 duos
1066 1023 1185 1100 primos

210 1105 425 1185 aparentibus
453 1108 513 1168 suis
539 1109 723 1178 nominasse,
753 1108 892 1168 Martium
923 1123 938 1164 a
964 1105 1059 1166 lllarte
1083 1113 1241 1185 patre,10

210 1189 340 1269 Aprilem
357 1190 393 1252 ab
409 1190 584 1269 Aphrodite,
610 1191 640 1253 id
657 1199 701 1254 est
716 1191 845 1262 Venere,
872 1189 952 1249 unde
966 1189 1096 1250 maiores
1118 1192 1185 1252 eius

210 1273 330 1337 oriundi
351 1273 534 1337 dicebantur.
582 1277 733 1356 proximos
754 1277 828 1338 duos
849 1272 1007 1351 apopulo,
1033 1274 1142 1336 llaium
1168 1295 1185 1337 a

211 1359 374 1422 maioribus
389 1367 474 1428 natu,
495 1360 611 1421 lunium
628 1361 834 1423 aiunioribus.
880 1365 996 1419 ceteros
1016 1357 1053 1418 ab
1076 1358 1185 1422 ordine

211 1459 270 1521 quo
291 1441 397 1522 singuli
417 1450 516 1515 erant,
544 1442 700 1512 Quintilem
723 1463 817 1523 usque
837 1441 1033 1505 Decembrem
1055 1444 1184 1521 perinde

162 1535 194 1584 10
211 1545 227 1588 a
243 1545 377 1588 numero.
409 1529 502 1588 Varro
518 1536 617 1590 autem
633 1529 782 1591 Romanos
802 1549 818 1591 a
834 1527 944 1588 Latinis
960 1527 1080 1588 nomina
1095 1545 1183 1590 men·
1201 1539 1235 1588 15

211 1631 277 1674 sum
293 1614 444 1690 accepisse
455 1612 615 1674 arbitratus
630 1621 767 1676 auctores
780 1631 883 1676 eorum
895 1611 1077 1689 antiquiores
1090 1629 1184 1690 quam

164 1703 194 1752 11
214 1695 318 1756 urbem
333 1697 424 1758 luisse
439 1698 510 1758 satis
530 1704 636 1775 argute
651 1698 746 1759 docet.
776 1700 876 1779 itaque
890 1695 1028 1757 Martium
1044 1713 1183 1760 mensem

213 1797 229 1840 a
244 1779 338 1840 Marte
353 1780 473 1860 quidem
489 1782 672 1843 nominatum
688 1781 797 1854 credit,
820 1799 880 1843 non
896 1781 964 1860 quia
979 1779 1100 1842 Romuli
1117 1781 1182 1843 luc·

212 1863 252 1924 rit
266 1871 366 1940 pater,
387 1864 440 1925 sed
455 1865 534 1943 quod
549 1882 622 1944 gens
637 1866 738 1928 Latina
753 1866 903 1929 bellicosa.
934 1861 1065 1942 Aprilem
1081 1872 1182 1927 autem

125 2007 128 2012 ,
210 1963 270 2008 non
295 1947 331 2008 ab
352 1948 529 2026 Aphrodite,
559 1950 611 2012 sed
633 1950 670 2012 ab
692 1953 866 2030 aperiendo,
891 1948 970 2031 quod
993 1956 1064 2010 tunc
1085 1949 1182 2012 ferme
1198 1959 1232 2008 eo

211 2039 316 2093 cuncta
346 2034 504 2111 gignantur
531 2041 570 2110 ¹et
598 2035 737 2098 nascendi
766 2035 894 2100 claustra
924 2033 1036 2112 aperiat
1065 2041 1181 2096 natura.

161 2121 193 2171 12
211 2115 320 2178 Maium
340 2135 410 2178 vero
431 2136 492 2179 non
512 2138 529 2180 a
551 2119 727 2192 maioribus,
757 2121 810 2182 sed
832 2141 849 2182 a
869 2121 944 2181 Maia
965 2135 1075 2180 nomen
1095 2137 1181 2181 acce·

211 2202 304 2279 pisse,
335 2202 413 2280 quod
436 2221 471 2264 eo
492 2221 595 2265 mense
613 2211 674 2266 tam
694 2204 807 2266 Romae
828 2224 917 2286 quam
938 2210 1023 2264 antea
1044 2203 1074 2264 in
1095 2203 1180 2264 Latio

210 2302 260 2346 res
280 2285 378 2346 divina
399 2286 492 2349 blaiae
513 2288 545 2348 lit
566 2292 595 2348 et
613 2287 769 2351 Mercurio.
815 2289 931 2352 lunium
953 2304 1072 2366 quoque
1093 2305 1110 2348 a
1132 2287 1179 2348 lu·

211 2386 290 2430 none
311 2371 409 2446 potius
430 2387 517 2447 quam
538 2372 720 2442 iunioribus,
750 2373 830 2453 quod
852 2373 902 2436 illo
925 2388 1029 2434 mense
1050 2373 1178 2434 maxime
1195 2381 1228 2430 25

161 2458 193 2509 13
211 2451 318 2513 lunoni
332 2452 462 2516 bonores
477 2453 632 2517 habentur.
663 2454 832 2528 Quintilem,
849 2458 926 2540 quod
943 2456 1009 2516 loeo
1023 2457 1084 2518 iam
1100 2457 1179 2535 apud

211 2535 330 2598 Latinos
348 2537 439 2599 luerit
459 2539 575 2619 quinto,
597 2541 669 2601 item
692 2540 832 2606 Sextilem
853 2561 888 2604 ac
908 2542 1048 2618 deinceps
1069 2540 1106 2601 ad
1122 2541 1177 2602 lle·

210 2622 363 2684 cembrem
388 2641 405 2683 a
430 2624 562 2686 numeris
588 2623 760 2704 appellatos.
806 2634 938 2690 ceterum
959 2626 1129 2692 ianuarium
1150 2633 1179 2688 et

278 2910 302 2956 2.
326 2908 435 2959 harenc
458 2910 517 2960 DV
580 2913 604 2962 3.
626 2925 745 2963 serlone
768 2927 841 2976 ques
865 2914 899 2965 ab
920 2917 978 2974 DV
1042 2929 1067 2977 4,
1091 2942 1176 2978 anno,

209 2974 335 3052 detortus,
355 2977 501 3038 nuuc-DV,
521 2993 621 3028 annum
638 2983 710 3045 culpo
780 2979 1026 3048 maluit]ar.1ubD
1096 2995 1121 3048 ὃ.
1139 2996 1177 3046 ci.
1266 3019 1267 3024 η

210 3040 281 3090 viles
293 3042 477 3102 carlmannus,
496 3061 549 3095 uer.
561 3047 620 3096 DV
684 3049 708 3098 7.
728 3063 911 3103 coucuuaenr
928 3060 953 3108 l)
1024 3063 1065 3112 12.
1086 3069 1176 3127 apost

210 3109 314 3157 Maium
331 3124 376 3159 om.
400 3111 428 3159 V
493 3114 532 3164 13·
551 3127 663 3165 ce'mls
682 3113 739 3164 DV
805 3117 845 3166 16.
865 3135 1062 3179 aamnfflug
1080 3130 1114 3188 D,
1134 3145 1174 3180 gp.

210 3174 329 3226 bitratur
346 3178 405 3237 dV,
424 3193 493 3229 corr.
510 3179 607 3231 rannus
659 3196 782 3234 acrouss
800 3184 834 3248 D,
859 3198 1006 3247 aaronica
1075 3198 1117 3249 Π,
1135 3212 1175 3246 gr.

210 3249 276 3308 gnte
290 3243 391 3302 Carrio,
411 3259 493 3296 auxus
510 3247 542 3306 D,
563 3247 648 3298 arkiti
665 3251 690 3308 d,
711 3250 804 3315 arkyti
819 3256 847 3304 V
911 3264 954 3314 20,
974 3261 1106 3314 mounes
1123 3265 1175 3314 DV

210 3323 302 3393 renue
314 3312 347 3373 D,
366 3313 425 3362 lere
442 3316 470 3365 V
477 3317 548 3379 adpo
617 3317 659 3368 25.
679 3329 812 3378 maximae
824 3324 850 3372 D
919 3331 961 3385 26,
982 3345 1052 3381 2000
1071 3343 1131 3381 ram
1142 3333 1173 3392 ι),

211 3395 295 3446 lolam
318 3397 345 3446 V
410 3401 452 3454 at.
472 3403 568 3466 quinto
586 3416 618 3450 m.
636 3419 690 3454 rec.
708 3407 734 3455 in
751 3406 776 3454 Ι)
794 3413 820 3462 in
837 3429 890 3464 raa.
964 3427 1077 3466 sexutce
1096 3415 1121 3464 D

211 3462 251 3512 28.
271 3477 359 3514 nnmts
379 3480 557 3532 appensurus
575 3469 600 3516 D
