2558 4062
369 223 416 270 nn
439 223 501 270 om
524 222 655 304 nerunt
679 222 753 272 car.
771 207 855 272 xviv.
1053 211 1095 276 33

109 361 243 438 ,libros
258 360 471 442 Sibyllinos
486 377 509 422 x
525 362 598 421 viri
619 361 802 430 adissent,
825 364 1094 426 renuntiarunt

120 448 178 510 uti
202 446 279 507 Iliti
306 447 407 525 patri
436 453 473 506 et
499 447 757 524 Proserpinae
785 445 864 507 ludi
894 448 1095 510 Tarentini

120 529 952 610 incampoMartiolierenttribnsnoctibus,
977 533 1093 594 etho-

119 615 217 676 stiae
233 615 363 676 lnrvae
385 613 690 683 immolarentur,
714 614 943 692 utiqueludi
965 623 1093 677 cente·

83 700 211 760 ssime
236 716 380 778 quoque
403 717 497 760 anno
521 698 673 759 tierent.
704 699 774 760 item
796 699 880 760 Titus
895 699 994 761 Livius
1015 699 1092 763 libro
1112 715 1127 765 9

119 795 269 844 cxxxvt:
301 782 426 844 eodem
454 801 557 854 anno,
577 782 686 843 ludos
714 783 933 845 saeculares
956 783 1093 846 Cacsar

118 868 266 945 ingenti
287 876 477 946 'apparatu
505 867 611 937 lecit,
640 885 734 946 quos
763 869 970 929 centesimo
999 886 1092 947 quo-

119 969 191 1030 que
214 968 311 1011 anno
343 950 415 1026 (his
444 951 538 1012 enim
562 952 757 1012 terminari
779 951 922 1013 saeculi
944 949 975 1030 e)
1004 953 1094 1014 lieri

119 1053 196 1096 mos
219 1055 235 1094 e
258 1043 296 1095 ut
319 1055 344 1096 e.
390 1043 493 1096 contra
514 1043 547 1096 ut
568 1035 681 1096 decimo
704 1036 925 1113 centesimoque
946 1054 1024 1098 anno
1046 1055 1092 1097 re·

63 1131 100 1182 ιο
118 1126 259 1200 petantur
275 1127 334 1180 tam
350 1118 555 1180 commentarii
571 1133 618 1179 xv
638 1121 768 1181 virorum
786 1139 873 1200 quam
890 1120 952 1181 Divi
966 1121 1089 1198 Augusti

120 1203 216 1264 edicta
237 1205 339 1265 testari
360 1203 511 1274 videntur,
538 1203 612 1264 adeo
634 1211 667 1264 ut
681 1203 819 1266 Horatius
837 1203 959 1266 Flaccus
980 1207 1011 1265 in
1027 1223 1091 1268 car-

118 1290 199 1348 mine
216 1289 296 1365 quod
311 1287 513 1350 saecularibus
527 1287 606 1348 ludis
621 1296 771 1349 cantatum
788 1296 833 1349 est
855 1287 884 1348 id
901 1297 1018 1367 tempus
1033 1289 1091 1350 hoc

119 1373 210 1434 modo
226 1373 435 1448 designaverit:
459 1371 593 1433 Certus
614 1372 787 1433 undenos
802 1372 929 1432 decies
944 1390 1011 1451 per
1026 1390 1090 1432 an-

118 1474 186 1517 nos
209 1456 325 1518 Orbis
347 1465 385 1518 ut
407 1464 537 1518 cantus
559 1455 782 1537 referatque
809 1455 919 1518 ludos
942 1456 1011 1517 Ter
1034 1456 1092 1517 dic

66 1550 99 1602 15
120 1540 223 1604 clara
244 1542 464 1621 totiensque
487 1547 595 1620 grata
611 1540 728 1602 Nocte
751 1540 983 1617 frequentes.
1015 1559 1090 1619 quae
1111 1552 1143 1603 10

119 1625 266 1687 dissensio
296 1631 477 1703 temporum,
514 1625 540 1685 si
568 1632 701 1686 veterum
732 1624 920 1686 revolventur
951 1622 1087 1694 annales,

119 1707 209 1788 longe
235 1711 329 1788 magis
354 1711 383 1770 in
409 1711 524 1771 incerto
549 1710 725 1770 invenietur.
762 1709 875 1788 primos
901 1709 981 1770 enim
1006 1706 1092 1770 ludos

120 1793 289 1856 saeculares
317 1793 426 1854 exactis
452 1792 574 1870 regibus
595 1799 663 1872 post
684 1791 809 1854 Romam
832 1792 980 1853 conditam
1008 1794 1092 1854 annis

120 1890 236 1939 ccxcv
257 1897 271 1938 a
288 1877 404 1939 Valerio
418 1877 569 1939 Publicola
591 1879 741 1938 institutos
757 1895 822 1938 esse
838 1898 878 1939 *e
899 1877 935 1938 ad
952 1890 999 1936 xv
1013 1877 1091 1938 viro-

23 2003 26 2009 ·
65 1976 101 2026 20
120 1979 190 2022 rum
206 1959 433 2032 conmentarios
451 1979 527 2022 anno
543 1972 697 2022 ccxcvnt
711 1961 749 2022 M.
764 1960 878 2023 Valerio
894 1961 1003 2040 Spurio
1018 1961 1090 2021 Ver·

121 2047 204 2124 ginio
225 2064 318 2108 conss.
343 2069 390 2108 ev
412 2064 490 2107 anno
511 2052 579 2125 post
603 2044 708 2106 urbem
732 2045 881 2105 conditam
905 2042 1034 2106 'soctavo
1063 2053 1092 2106 et

122 2130 447 2210 quadringentensimo,
473 2135 506 2190 ut
520 2148 591 2190 vero
607 2130 636 2188 in
653 2129 873 2190 commentariis
894 2141 943 2188 xv
957 2129 1090 2212 virorum

120 2214 264 2295 scriptum
280 2223 325 2277 est
339 2232 417 2277 anno
432 2226 518 2276 cccc
534 2222 564 2276 et
581 2211 723 2274 tdeeimo
738 2213 776 2274 M.
788 2212 904 2274 Valerio
920 2211 1046 2273 Corvino
1063 2226 1090 2272 11

191 2420 214 2468 1.
229 2432 390 2471 erevnnuvos
402 2417 461 2467 DV
508 2432 527 2468 x
538 2417 592 2470 viri
604 2416 772 2466 Momnmenus
783 2414 904 2469 coronet.
915 2417 985 2468 Rom.
995 2417 1089 2480 p.181,

123 2499 253 2535 utu-utet
271 2487 310 2550 D,
340 2500 383 2535 ¹11
405 2484 460 2534 uiri
481 2484 517 2544 V,
546 2499 584 2534 xv
606 2483 661 2534 viri
682 2485 754 2548 vulno
823 2484 1015 2534 renuntiarent
1041 2483 1067 2532 V
1073 2481 1090 2548 ¹,

120 2568 190 2606 corr.
210 2569 241 2602 m.
261 2556 277 2602 2
346 2554 373 2604 8.
390 2551 415 2603 is
434 2549 516 2615 (immo
533 2550 591 2615 hio)
612 2550 685 2600 enim
702 2550 836 2601 terminus
854 2550 963 2602 saeculi
980 2553 1052 2616 oulqo

120 2622 149 2672 9.
166 2619 216 2670 sed
233 2621 317 2670 moris
342 2633 403 2670 esse
425 2622 458 2669 ut
479 2624 577 2670 contra
599 2619 664 2671 coni.
683 2617 862 2668 caemento
929 2621 961 2668 ut
983 2621 1090 2680 contre,

120 2689 212 2739 omieeo
225 2692 307 2740 altero
319 2687 409 2751 utsV,
430 2690 460 2736 at
473 2689 570 2737 contra
582 2689 613 2735 nt
625 2687 695 2750 ouloo
709 2690 769 2734 ante
784 2685 890 2734 Iolcum
959 2685 1001 2734 11.
1019 2685 1089 2735 Hor.

120 2770 199 2805 carm.
218 2769 288 2806 eaeo.
307 2757 341 2804 21
358 2768 394 2804 cs.
466 2755 505 2804 13.
524 2765 627 2804 ceeroe
645 2751 702 2802 DV
769 2752 809 2800 14.
829 2766 915 2802 onnes
933 2752 958 2801 D
975 2751 1003 2800 V
1006 2749 1023 2813 ¹,
1048 2766 1091 2801 or·

119 2822 165 2872 bis
188 2822 227 2871 V²
297 2823 338 2874 15.
356 2835 445 2872 oceno
463 2822 518 2871 DV
565 2826 627 2885 post
644 2819 807 2882 frequentes
824 2818 883 2868 DV
896 2819 988 2869 labent
1006 2822 1092 2882 eant

121 2887 255 2956 Superest
272 2915 307 2926 -
324 2891 440 2954 oap.14‚
460 2893 476 2936 7
494 2889 535 2939 ait
553 2887 640 2948 enim3
658 2892 711 2941 tum
728 2901 800 2950 quae
819 2883 955 2937 dissensio
973 2888 1092 2952 repetivit

121 2957 299 3008 Laolononnus
317 2972 353 3008 coc
371 2971 401 3008 eo
419 2958 474 3007 loco
494 2956 537 3021 qui
553 2956 680 3006 indicatus
705 2961 745 3004 est
761 2955 840 3018 adp.
860 2956 901 3017 10,
922 2958 953 3012 7,·
982 2955 1090 3020 denique

120 3029 274 3090 temporum
292 3031 319 3074 et
336 3031 385 3075 oet.
404 3039 485 3088 supro
503 3025 634 3088 loquutur:
657 3021 715 3071 uide
733 3023 769 3072 ad
783 3037 813 3086 p.
826 3023 869 3084 25,
882 3025 917 3072 25
987 3022 1027 3071 16.
1047 3037 1089 3072 re·

121 3091 272 3143 uolueatur
289 3092 343 3142 aV
411 3093 451 3144 19.
469 3105 506 3142 xe
524 3099 651 3144 neronum
669 3088 724 3138 DV
791 3091 834 3140 20.
853 3104 991 3140 ccxcunn
1009 3089 1067 3138 DV

120 3159 163 3210 tt.
182 3161 277 3210 συκῇ·
295 3159 354 3209 DV
415 3165 476 3224 poet
489 3172 580 3209 oones.
592 3159 756 3207 lacnnamsio
773 3158 1091 3222 empleoitlmolonanmts:

121 3226 260 3279 secundos
279 3225 373 3290 ludos,
391 3229 422 3276 ut
439 3225 539 3276 Antion
556 3225 632 3289 vult,
653 3225 692 3274 M.
709 3223 819 3290 Popilio
837 3225 965 3274 Laenate
984 3239 1034 3273 1111
1051 3223 1090 3274 Μ.

122 3293 235 3358 Valerio
248 3292 369 3346 Corvino
383 3309 454 3357 cos.;
473 3294 539 3344 idem
549 3309 598 3360 pro
617 3295 716 3344 octavo
734 3293 852 3343 correxit
863 3295 951 3350 sexto,
970 3298 996 3341 et
1006 3305 1042 3340 oe.
1053 3292 1090 3340 23

123 3365 222 3413 octavo
243 3377 295 3427 pro
323 3361 431 3414 decimo
461 3357 544 3425 (cons.
568 3360 597 3415 0.
621 3361 653 3410 L.
676 3359 743 3411 non
766 3361 792 3410 in
815 3359 883 3409 Mus.
907 3359 987 3410 Boeo.
1014 3356 1092 3414 VIII

121 3444 149 3492 p.
168 3429 275 3494 371⁸.)
345 3431 388 3481 22.
408 3426 631 3496 quaeauctuetmo
650 3428 688 3488 D,
719 3425 930 3492 quadragesimo
953 3425 982 3474 V
1045 3439 1091 3478 111

122 3495 243 3548 uirorum
265 3497 293 3547 V
358 3498 400 3551 23.
420 3508 545 3550 ouemtno
563 3496 626 3560 DV,
644 3495 774 3561 tenendum
792 3491 881 3545 Corvo
900 3509 954 3545 oum
972 3492 1091 3546 Manotio

174 3613 359 3651 CENSORINUS·
