2558 4062
178 286 216 333 VI
556 283 766 333 PRAEFATIO.

178 421 360 506 scripturae
386 419 530 486 varietas
564 428 598 486 et
624 419 727 484 altera
752 419 809 484 illa
836 441 936 508 quam
960 419 1034 484 dixi
1061 441 1145 485 oon-

174 539 287 596 textus
310 529 416 596 forma
430 528 526 616 plene
548 550 587 594 ac
606 530 776 616 perspicue
798 529 832 594 in
853 529 1065 596 adnotatione
1088 551 1144 617 ap-

80 664 83 668 ·
173 650 364 726 poneretur.
400 639 517 726 Itaque
539 649 729 726 pergratum
747 639 885 724 contigit
906 649 942 704 ut
956 641 1143 706 AUGUSTUS

174 748 404 832 WILMANNS,
430 749 523 814 ouius
560 749 705 814 amicitia
741 772 808 816 non
842 750 876 814 in
908 750 970 814 hac
1006 771 1072 814 una
1106 771 1143 814 re

173 867 327 946 prompta
353 858 432 924 mihi
460 880 500 923 ac
526 868 643 944 parata
671 859 735 924 fuit
762 859 886 926 Romae
916 860 1141 940 commoranti,

172 979 290 1054 sponte
305 969 498 1034 concederet
513 968 762 1034 commentarios
779 989 855 1034 suos
871 969 989 1054 quibus
1013 989 1141 1033 omnem

171 1101 192 1142 e
220 1077 331 1144 codice
360 1077 522 1144 Vaticano
549 1077 743 1144 varietatem
771 1077 885 1144 sedulo
912 1079 1141 1165 exscripserat.
1234 1069 1242 1082 ⁵

112 1235 114 1238 -
172 1186 239 1252 Hic
261 1189 348 1253 enim
370 1185 463 1269 liber,
486 1198 522 1253 ut
545 1209 619 1253 oum
641 1187 905 1253 Darmstadisnsi
927 1188 996 1253 fere
1018 1187 1140 1274 ubique

170 1298 349 1379 consentit,
371 1297 420 1362 ita
441 1302 475 1361 in
497 1297 649 1362 dissensu
671 1296 862 1384 plerumque
884 1298 1031 1385 sequitur
1053 1294 1140 1362 alte-

170 1429 243 1471 ram
265 1405 356 1470 illam
377 1407 593 1472 recentiorem
614 1428 757 1471 manum.

236 1515 334 1581 Hanc
367 1516 500 1602 quidem
531 1517 655 1583 vetusti
688 1517 859 1582 cuiusdam
894 1514 1138 1602 interpolatoris

170 1647 315 1713 operam,
338 1627 544 1713 paucissimis
566 1625 648 1692 locis
669 1626 875 1713 probandam
898 1624 949 1710 (ut
970 1625 1071 1711 put,
1090 1622 1139 1690 16.

169 1736 222 1817 66,
237 1735 304 1823 20),
329 1757 402 1801 cum
425 1736 530 1802 secuti
551 1744 661 1801 essent
675 1736 800 1822 priores
823 1736 966 1802 editores
981 1734 1140 1822 plerique,

170 1844 312 1932 plurima
334 1867 412 1910 sane
434 1826 558 1910 indicia
579 1845 772 1910 mendorum
794 1865 879 1931 quae
902 1844 1083 1930 antiquitus
1104 1845 1139 1908 in

171 1953 343 2020 Censorini
363 1954 482 2020 librum
503 1954 704 2040 irrepserant
719 1953 958 2041 quodammodo
982 1953 1085 2020 oblita
1107 1964 1140 2020 et

171 2063 335 2129 occultata
356 2064 500 2128 fuerunt.
546 2064 724 2150 Postquam
746 2085 826 2131 vero
848 2064 977 2131 omissis
999 2062 1048 2127 his
1071 2063 1140 2128 ina·

170 2173 268 2239 nibus
291 2174 483 2240 commentis
500 2173 580 2239 Otto
597 2173 719 2238 Iabnus
742 2174 863 2253 reverti
885 2173 993 2256 coepit
1015 2171 1058 2236 ad
1073 2173 1138 2257 pri-

171 2284 295 2348 mariae
317 2303 433 2347 manus
449 2283 602 2365 vestigia,
624 2281 728 2346 multa
751 2281 828 2346 olim
849 2281 1011 2344 immerito
1027 2290 1139 2365 spreta

171 2400 228 2456 aut
254 2391 405 2476 neglecta
432 2413 473 2456 ex
501 2389 563 2455 hac
591 2390 664 2474 ipsa
692 2383 886 2454 auctoritate
908 2388 1045 2473 corrigi,
1073 2389 1139 2454 alia

170 2500 334 2588 probabili
355 2501 541 2566 coniectura
563 2499 673 2564 sanari
695 2507 887 2583 potuerunt,
910 2497 1068 2563 nonnulla
1091 2507 1138 2563 ta·

170 2631 245 2673 men
277 2631 360 2695 quae
391 2609 526 2693 gravius
559 2615 713 2693 corrupta
745 2615 856 2672 essent
882 2606 1007 2674 intacta
1033 2608 1139 2674 relin-

170 2717 300 2803 quenda
322 2720 465 2784 fuerunt.
508 2715 554 2783 Et
575 2718 719 2781 maxime
740 2715 932 2783 lacunarum
952 2725 1045 2783 notas
1068 2737 1137 2781 sae-

170 2826 243 2912 pius
258 2827 338 2911 poni
360 2826 503 2912 oportuit
525 2847 623 2913 quam
646 2834 742 2891 antea
756 2827 882 2893 factum
906 2837 996 2914 erat.
1021 2825 1095 2908 Quo
1119 2848 1137 2890 e

170 2957 288 3020 genere
316 2943 353 2999 ut
374 2957 475 2999 unum
498 2935 647 3018 afferam,
677 2945 815 3024 apparet
837 2959 909 3022 cap.
926 2953 988 2999 xlv
1018 2934 1066 3022 (p.
1083 2935 1136 3017 25,

171 3043 226 3128 17)
255 3044 358 3109 verba
378 3044 513 3110 turbata
535 3064 612 3124 quoe
635 3049 694 3111 duo
716 3056 775 3112 cet.
803 3069 869 3112 non
894 3065 991 3132 posse
1019 3066 1058 3110 ea
1078 3064 1139 3108 ra-

170 3154 257 3218 tione
280 3153 390 3218 sanari
411 3173 509 3239 quam
530 3155 720 3222 Ludovicus
744 3157 785 3222 de
807 3157 868 3222 Ian
892 3155 967 3219 iniit
988 3155 1022 3218 in
1044 3174 1139 3220 oom-

171 3263 337 3328 mentariis
372 3263 628 3332 Monacensibus
662 3268 718 3353 qui
749 3265 973 3332 inscribuntur
1002 3268 1139 3331 Gelebrte

169 3377 323 3452 Anzeipca
351 3375 451 3460 (tom.
472 3374 593 3441 XXIV
620 3398 654 3463 p.
674 3375 734 3440 211
760 3377 830 3462 ss).
880 3375 966 3441 Nam
992 3397 1067 3441 cum
1096 3374 1137 3440 de

168 3482 327 3550 duodenis
351 3505 512 3552 annorum
526 3485 786 3554 hebdomadibus
809 3487 844 3552 in
865 3495 1008 3554 aetatem
1027 3486 1138 3552 huma·
