2558 4062
329 237 338 244 '
383 254 431 301 nn
453 253 515 302 nm
537 253 669 303 narum
691 254 766 304 car.
781 257 831 304 111.
1070 241 1091 306 5

121 395 196 454 sime
223 393 313 456 facias
340 400 463 472 exopto,
495 402 538 465 et,
570 395 649 473 quod
676 395 754 457 idem
782 396 946 476 subiungit,
978 395 1091 458 funde

120 495 263 538 merum
286 479 406 556 genio.

185 562 242 622 llic
264 561 389 624 forsitan
410 565 476 641 quis
497 570 635 642 quaerat,
657 565 726 644 quid
742 581 849 626 causae
870 567 909 626 sit
927 573 960 626 ut
974 575 1124 626 merumn

120 646 308 707 fundendum
329 648 431 725 genio,
452 665 511 708 non
527 647 622 710 hostia
643 648 810 710 laciendum
827 651 979 726 putaverit.
1011 651 1091 728 quod

84 741 101 790 5
120 729 252 801 scilicet,
276 737 307 792 ut
321 733 414 793 Varro
438 739 560 794 testatur
580 735 610 793 in
632 752 666 794 eo
681 732 758 794 libro
775 735 822 795 cui
836 732 940 795 titulus
960 740 1003 794 est
1017 735 1090 796 Atti·

121 832 176 876 cus
192 821 222 876 et
237 823 281 876 est
296 815 333 878 de
347 818 489 886 numeris,
506 817 536 877 id
552 819 642 877 moris
658 819 839 898 institutique
856 820 981 878 maiores
997 821 1090 878 nostri

120 906 298 972 tenuerunt,
321 908 368 969 ut,
392 919 460 963 cum
476 901 524 962 die
538 901 628 962 natali
643 920 751 964 munus
771 902 877 964 annale
892 904 979 980 genio
995 902 1089 963 solve-

120 991 205 1050 rent,
236 1001 356 1045 manum
379 1004 395 1044 a
418 985 508 1046 caede
535 1004 570 1046 ac
592 989 734 1062 sanguine
755 986 953 1055 abstinerent,
983 1005 1021 1047 ne
1043 988 1090 1048 die

124 1085 183 1146 qua
210 1070 267 1147 ipsi
289 1068 385 1130 lucem
407 1071 593 1149 accepissent
614 1069 662 1130 alii
683 1071 844 1132 demerent.
886 1072 1013 1150 deniqne
1027 1070 1090 1133 Deli
1108 1077 1124 1126 3

68 1163 105 1210 10
126 1152 164 1213 ad
179 1151 323 1230 Apollinis
339 1154 481 1230 genitoris
497 1169 593 1222 aram,
609 1161 643 1216 ut
658 1154 795 1216 Timaeus
811 1163 913 1217 auctor
929 1163 986 1226 est,
1002 1171 1091 1218 nemo

125 1236 255 1297 hostiam
272 1238 377 1299 caedit.
400 1237 472 1299 illud
488 1240 576 1299 etiam
591 1239 691 1299 in-hoc
707 1238 754 1300 die
770 1238 995 1311 observandum,
1013 1241 1091 1318 quod

122 1323 211 1398 genio
237 1322 348 1383 lactum
368 1324 518 1384 neminem
545 1330 663 1401 oportet
684 1331 751 1384 ante
772 1333 891 1402 gustare
912 1341 999 1402 quam
1021 1341 1089 1384 eum

121 1407 173 1482 qui
187 1407 301 1467 lecerit.

188 1490 246 1552 Sed
270 1497 300 1551 et
314 1491 372 1551 hoc
394 1490 602 1570 aquibusdam
623 1509 712 1570 saepe
734 1493 896 1571 quaesitum
918 1491 1089 1553 solvendum

68 1581 103 1630 15
120 1575 252 1643 videtur,
276 1577 326 1654 qui
341 1577 378 1636 sit
393 1577 514 1654 genius,
542 1593 632 1637 curre
647 1593 714 1636 eum
730 1578 914 1654 potissimum
936 1594 989 1637 suo
1011 1578 1090 1655 quis·

122 1677 179 1738 que
195 1657 285 1720 natali
299 1677 485 1722 veneremur.
517 1661 619 1739 genius
636 1666 680 1720 est
695 1659 783 1736 deus,
803 1661 886 1721 cuius
900 1663 931 1720 in
948 1658 1039 1721 tutela
1054 1667 1087 1720 ut
1105 1667 1123 1726 3

122 1744 248 1824 quisque
269 1750 354 1804 natus
375 1752 419 1805 est
439 1746 516 1806 vivit.
547 1745 596 1806 hic
611 1745 672 1806 sive
688 1745 767 1822 quod
788 1750 819 1806 ut
835 1761 978 1822 genamur
994 1752 1086 1812 curat,

122 1828 183 1888 sive
212 1828 290 1908 quod
311 1845 370 1890 una
392 1830 508 1906 genitur
530 1828 700 1898 nobiscum,
731 1829 793 1890 sive
819 1831 906 1890 etiam
928 1828 1009 1908 quod
1031 1845 1117 1888 nos!

123 1913 238 1990 genitos
254 1913 376 1990 suscipit
390 1927 424 1973 ac
439 1919 567 1980 tutatur,
590 1920 670 1975 certe
686 1931 702 1973 a
717 1914 852 1992 genendo
869 1915 972 1993 genius
988 1911 1088 1990 appel·

68 2003 105 2053 ‘20
123 1995 211 2056 latur.
243 1996 369 2058 eundem
392 2015 466 2059 esse¹
478 2000 598 2075 genium
620 2003 650 2058 et
669 1995 761 2059 larem
784 1998 868 2058 multi
888 2006 1003 2059 veteres
1023 2013 1084 2058 me·
1104 2007 1119 2055 2

123 2082 236 2142 moriae
262 2081 470 2160 prodiderunt,
500 2084 530 2142 iu
559 2083 624 2160 quis
649 2083 735 2141 etiam
758 2083 885 2144 Granius
908 2080 1032 2142 Flaccus
1057 2083 1088 2140 in

121 2163 200 2226 libro
216 2184 305 2245 quem
326 2165 361 2226 ad
379 2164 532 2227 Gaesarem
555 2165 591 2226 de
610 2165 840 2242 indigitamentis
862 2166 1003 2244 scriptum
1019 2163 1088 2224 reli-

122 2251 194 2328 quit.
231 2249 312 2311 hunc
332 2252 363 2310 in
379 2267 433 2310 nos
449 2251 621 2318 maximam,
644 2251 715 2327 quin
735 2251 825 2310 immo
842 2267 961 2310 omnem
976 2247 1088 2309 habere

121 2341 300 2414 potestatem
327 2333 471 2395 creditum
493 2343 547 2396 est.
592 2333 727 2394 nonnulli
751 2333 838 2396 binos
864 2335 967 2412 genios
991 2333 1022 2393 in
1042 2333 1122 2394 hist

70 2422 104 2472 25
124 2418 275 2480 dumtaxat
296 2418 433 2479 domibus
454 2437 529 2497 quae
551 2425 649 2481 essent
663 2421 786 2480 maritae
808 2419 948 2480 colendos
968 2425 1089 2496 putare-

121 2510 208 2564 runt:
224 2501 363 2564 Euclides
375 2509 473 2563 autem
480 2497 649 2564 Socraticus
661 2503 808 2582 duplicem
818 2501 955 2565 omnibus
966 2503 1087 2563 omnino

122 2587 208 2649 nobis
229 2587 348 2665 genium
365 2586 436 2648 dicit
450 2586 631 2666 adpositum,
655 2605 742 2666 quam
763 2606 827 2649 rem
849 2586 926 2666 apud
942 2584 1087 2647 Lucilium

121 2673 153 2732 in
186 2670 264 2732 libro
291 2671 448 2733 satirarum
476 2685 537 2732 xvi
562 2670 630 2733 licet
658 2689 846 2748 cognoscere.
892 2671 979 2748 genio
999 2669 1088 2745 igitur

121 2757 307 2834 potissimum
326 2773 381 2835 per
403 2773 521 2816 omnem
542 2762 667 2818 aetatem
690 2756 846 2834 quotannis
868 2753 1085 2820 sacrificamus:

190 2991 214 3042 5.
234 3005 283 3040 esp
302 2997 380 3041 caetra
396 3007 493 3042 versum
512 2989 645 3054 (incertum
662 3006 696 3041 au
714 2997 730 3040 α’
747 3007 777 3042 m.
796 2988 823 3053 2)
842 2991 867 3040 D
898 3043 900 3061 Ι
937 2989 964 3039 6.
987 2992 1015 3040 et
1033 2985 1087 3053 est]

123 3061 151 3108 et
166 3058 242 3108 intus
260 3061 326 3110 coni.
345 3059 497 3109 Bitschalios
514 3063 540 3108 tn
551 3058 642 3108 Indice
659 3059 737 3112 codol.
755 3058 853 3109 hibern.
877 3074 901 3108 a.
921 3053 1017 3118 redosc
1032 3057 1090 3120 pl

124 3121 168 3188 (an
185 3141 245 3176 uero
265 3125 418 3176 Censorinus
434 3128 540 3190 scripsit
557 3127 603 3176 eui
619 3125 718 3176 titulus
734 3125 844 3176 Atticus
863 3129 906 3175 est
923 3124 956 3175 de
975 3123 1054 3188 ceti)

122 3188 258 3258 numeris]
276 3192 435 3244 muneribus
452 3193 596 3252 Manutius,
614 3194 709 3258 probat
726 3194 877 3244 Rttscltelius
895 3196 911 3246 l.
932 3207 953 3242 c.
969 3208 997 3256 p.
1017 3195 1034 3241 5

124 3261 351 3310 10.mmeusDV
418 3262 457 3311 11.
476 3261 602 3311 tnaunD
672 3263 712 3312 17.
731 3260 896 3325 quooisrll
966 3261 1006 3311 19.
1027 3270 1089 3307 sus-

124 3322 281 3392 ceprsDV,
306 3327 487 3380 cemoeterio
556 3343 684 3379 suenrus
702 3330 767 3388 DV,
791 3343 860 3379 corr.
880 3325 978 3376 Ichnae
1046 3325 1088 3372 21.

124 3394 256 3457 qursDV,
276 3395 375 3459 quidd
441 3397 628 3463 qaautusDV
693 3398 733 3448 22.
748 3391 910 3460 aentquth
979 3390 1021 3442 25.
1040 3404 1089 3455 po·

125 3473 269 3513 nuncnunc
287 3463 312 3512 D
381 3465 423 3517 27.
443 3478 513 3530 quaa
530 3477 579 3514 ae*
598 3461 689 3529 (quem
708 3475 768 3513 nent
787 3457 990 3522 ueteranorum)
1009 3459 1034 3507 D

123 3529 164 3580 28.
184 3542 354 3582 suessanum
372 3531 429 3581 DV
494 3532 536 3586 29.
555 3545 626 3597 quon
643 3543 724 3582 annis
742 3531 767 3579 l)
