2558 4062
305 337 308 341 ,
356 285 404 332 nn
427 283 488 330 mu
511 284 643 332 ulusur
667 285 743 333 cnr.
761 287 809 334 ur.
1027 273 1067 338 19

94 423 292 500 longitudinis
308 425 383 482 siunt
398 425 562 500 graviores,
581 423 710 484 chordae
726 433 824 487 autem
840 434 998 506 augmento
1015 428 1066 489 ad·

96 508 149 568 diti
158 507 301 586 ponderis
317 509 479 568 acutiores:
496 507 655 587 utrubique
670 517 768 569 tamen
785 509 887 572 eadem
899 513 996 590 portio
1012 520 1065 574 est.

161 593 214 652 llis
230 593 370 669 expositis
382 590 505 652 forsitan
521 592 640 671 quidem
657 592 792 664 obscure,
810 596 861 656 sed
879 613 967 672 quam
985 599 1066 674 potui
1084 603 1116 660 11

95 675 294 746 lucidissime,
312 677 402 738 redeo
419 674 455 736 ad
471 678 673 756 propositum,
691 684 722 738 ut
737 675 859 739 doceam
876 681 945 758 quid
959 680 1066 760 Pytha-

60 768 76 817 5
96 778 186 840 goras
202 761 239 821 de
255 779 379 821 numero
396 760 510 822 dierum
533 761 569 822 ad
585 769 686 840 partus
702 764 913 840 pertinentium
930 767 1064 827 senserit.

95 847 238 925 primum,
255 852 390 924 utsupra
406 847 568 906 memoravi
584 845 776 924 generaliter,
793 849 867 908 duos
883 865 947 908 esse
962 856 1066 928 partus
1084 860 1099 909 2

96 930 218 990 omnino
246 929 331 1000 dixit,
363 929 489 990 alterum
511 931 672 999 minorem,
705 949 792 1010 quem
812 939 919 992 vocant
938 939 1065 1012 septem·

96 1022 256 1084 mestrem,
287 1015 337 1092 qui
367 1014 695 1075 decimetducentesimo
726 1016 773 1076 die
801 1023 870 1096 post
898 1019 1066 1094 conceptio·

96 1116 165 1158 nem
193 1105 278 1158 exeat
303 1098 339 1158 ab
361 1105 461 1168 utero,
492 1099 618 1159 alterum
639 1101 781 1160 maiorem
810 1102 1065 1170 decemmestrem,

46 1189 79 1237 10
97 1185 147 1262 qui
163 1183 269 1244 edatur
285 1183 332 1243 die
348 1183 571 1243 ducentensimo
588 1185 825 1262 septuagensimo
847 1193 960 1264 quarto.
992 1205 1065 1264 quo·

97 1285 165 1327 rum
186 1269 271 1347 prior
291 1285 325 1327 ac
342 1269 438 1327 minor
453 1268 569 1328 senario
592 1269 718 1328 maxime
740 1271 909 1330 continetur
929 1287 1064 1331 numero.

97 1369 165 1412 nam
182 1351 261 1430 quod
286 1371 321 1410 ex
338 1353 449 1412 semine
465 1359 639 1428 conceptum
656 1360 715 1424 est,
739 1370 806 1423 sex,
834 1362 867 1415 ut
883 1354 938 1422 ait,
961 1355 1065 1432 primis
1083 1365 1099 1413 3

98 1435 204 1496 diebus
233 1453 319 1496 umor
341 1442 385 1496 cst
403 1434 533 1508 lacteus,
565 1435 671 1496 deinde
693 1438 835 1516 proximis
857 1446 925 1498 octo
948 1440 1064 1514 sangui·

97 1537 188 1580 neus:
218 1522 355 1598 quincto
378 1537 445 1580 cum
467 1520 502 1581 ad
519 1522 632 1600 primos
647 1539 698 1581 sex
719 1528 924 1593 accesserunt,
956 1521 1066 1583 iaciunt

47 1608 78 1657 15
96 1605 223 1682 primam
238 1604 441 1683 symphoniam
456 1604 503 1665 dia
514 1611 657 1665 lassaron.
680 1607 768 1666 tertio
780 1607 873 1684 gradu
885 1624 991 1666 novem
1004 1606 1066 1667 dies

96 1689 244 1749 accedunt
266 1690 323 1748 iam
346 1706 467 1749 carnem
488 1689 645 1750 iacientes:
671 1688 702 1748 hi
725 1708 791 1750 cum
813 1707 865 1750 sex
885 1689 941 1750 illis
962 1691 1066 1768 primis

96 1771 195 1832 collati
217 1772 382 1851 sescuplam
404 1773 514 1833 iaciunt
528 1774 674 1834 rationem
696 1780 725 1834 et
746 1774 905 1835 secundam
926 1773 1065 1854 sympho-

95 1859 166 1917 nian
183 1857 229 1918 dia
246 1864 344 1934 pente.
375 1865 438 1918 tum
455 1857 595 1937 deinceps
617 1859 809 1935 sequentibus
825 1857 981 1920 duodecim
1001 1858 1064 1919 die·

95 1941 153 2002 bus
174 1941 206 2000 fit
222 1959 329 2019 corpus
354 1943 409 2002 iam
426 1941 601 2002 formatum:
624 1942 733 2003 horum
748 1961 868 2021 quoque
888 1943 923 2003 ad
946 1942 1065 2004 eosdem

43 2030 81 2078 20⁴
97 2043 152 2084 sex
175 2023 288 2088 collatio
304 2028 420 2086 tertiam
445 2024 600 2105 diapason
622 2025 719 2087 reddit
740 2028 934 2107 symphonian
956 2025 1066 2105 duplici

95 2109 209 2169 rationi
229 2109 399 2171 subiectam.
437 2110 468 2170 hi
483 2116 622 2187 quattuor
638 2112 754 2171 numeri
775 2124 812 2170 v1
833 2124 898 2169 vur
914 2125 992 2170 vuu
1011 2121 1100 2170 1114

96 2193 249 2254 coniuncti
263 2195 373 2255 iaciunt
393 2195 456 2256 dies
476 2207 584 2254 xxxv.
620 2211 676 2254 nec
691 2195 828 2254 inmerito
844 2195 977 2254 senarius
998 2195 1065 2254 lun-

96 2278 268 2339 damentum
296 2277 436 2357 gignendi
464 2286 522 2339 est:
560 2295 629 2338 narn
656 2296 723 2339 eum
747 2277 836 2338 telion
860 2279 980 2347 Graeci,
1011 2296 1065 2338 nos

97 2369 195 2422 autem
218 2363 381 2440 perlectum
402 2381 555 2433 vocamus
584 2363 663 2443 quod
685 2364 748 2424 eius
762 2370 862 2441 partes
883 2371 958 2433 tres,
984 2370 1065 2423 sexta

47 2449 78 2496 25
97 2452 126 2507 et
145 2447 233 2507 tertia
257 2453 285 2506 et
300 2447 435 2518 dimidia,
465 2447 557 2507 idest
578 2465 654 2508 unus
670 2454 699 2508 et
714 2447 772 2508 duo
789 2453 817 2507 et
831 2453 907 2519 tres,
938 2448 1065 2508 eundem

95 2533 193 2610 ipsum
213 2532 381 2608 perficiunt.
425 2531 476 2592 sed
499 2538 531 2591 ut
551 2531 634 2591 initia
655 2532 775 2592 seminis
797 2538 826 2592 et
846 2530 974 2592 lacteum
992 2531 1099 2592 illude

96 2616 301 2695 conceptionis
322 2614 546 2676 fundamentum
568 2616 705 2693 primitus
719 2615 777 2676 hoc
793 2633 917 2676 numero
939 2615 1065 2676 absolvi·

96 2706 166 2770 turc
194 2701 237 2762 sic
261 2700 319 2760 hoc
346 2700 463 2760 initium
488 2699 608 2760 formati
629 2698 758 2761 hominis
785 2706 814 2759 et
835 2698 914 2760 velut
940 2698 1065 2759 alterum

95 2785 319 2845 maturescendi
339 2783 577 2852 tundamentum,
601 2782 679 2862 quod
696 2790 740 2844 est
755 2784 885 2861 quinque
902 2790 931 2842 et
945 2785 1065 2860 triginta

164 2955 188 3004 1.
209 2952 291 3018 corde
313 2952 338 3000 V
405 2953 430 3001 t.
449 2951 580 3002 lucidissc
592 2965 635 3000 me
652 2951 685 3013 V,
704 2965 772 3001 corr.
786 2965 817 3000 m.
830 2965 884 3000 rec.
954 2951 978 2999 6.
998 2949 1065 3001 duos

93 3022 120 3070 t'n
136 3021 161 3069 V
172 3022 232 3070 add.
246 3035 276 3069 m.
289 3035 340 3069 rec.
412 3022 678 3084 emmeramensem
697 3019 730 3081 I),
749 3022 855 3082 septem
873 3022 1021 3068 monstrem
1042 3019 1068 3066 V

94 3087 119 3137 8.
138 3087 246 3137 decimo
265 3091 294 3136 et
307 3087 495 3137 ducentesimo
518 3086 546 3136 V
553 3089 625 3151 culpo
694 3087 717 3135 9.
737 3086 833 3136 decem
845 3090 992 3136 menstrem
1009 3086 1033 3134 V

95 3157 136 3205 to.
150 3155 358 3220 septuagesimo
375 3154 404 3203 V
468 3155 509 3204 14.
529 3153 699 3204 accesserint
715 3152 742 3201 V
809 3155 848 3205 15.
867 3151 911 3203 διὰ
923 3151 1066 3216 τεεεάρων

93 3225 166 3288 culpo
238 3222 277 3272 16.
303 3237 351 3272 sex
373 3222 401 3272 V
414 3239 445 3271 m.
464 3237 516 3272 ree.
536 3223 563 3271 in
580 3237 634 3271 rus.
705 3222 745 3272 17.
769 3233 925 3285 sescupuam
951 3221 1023 3283 (seso
1039 3222 1066 3270 in

93 3289 158 3351 ras.)
177 3289 202 3338 D
264 3286 412 3340 secuudum
430 3291 455 3340 D
515 3289 704 3354 symphoniam
726 3288 751 3337 V
768 3286 837 3352 (item
853 3303 914 3338 meac
930 3303 967 3337 ca.
985 3285 1031 3352 20)

95 3359 135 3407 18.
154 3354 198 3406 διὰ
217 3353 303 3408 πέντε
321 3360 392 3424 culpo
461 3359 502 3408 20.
521 3354 565 3407 διὰ
582 3359 682 3409 παεῶν
699 3360 771 3420 culpo
840 3357 881 3406 21.
900 3368 1017 3404 Rautcue
1035 3355 1060 3402 D

163 3423 244 3474 httD
302 3425 419 3476 numerii
440 3427 466 3475 V
519 3421 562 3488 vr]
583 3439 632 3474 sex
654 3425 682 3474 V
733 3421 878 3486 1111]er
947 3423 988 3470 22.
1007 3418 1064 3470 lites

94 3503 153 3546 oou
170 3493 196 3540 D
265 3495 306 3544 23.
325 3506 420 3543 nenton
443 3494 479 3554 V,
503 3489 613 3543 τέλειον
630 3495 702 3556 culpo
772 3490 850 3553 greci
872 3488 899 3536 V
964 3489 1005 3540 16.
1025 3502 1065 3538 u.-

94 3571 155 3611 num
174 3561 200 3608 D
269 3562 311 3611 29.
331 3559 539 3611 maturascendi
560 3561 585 3610 V
653 3571 788 3623 rutpeura
806 3558 830 3604 D

816 3623 906 3700 2*x
