2558 4062
345 267 392 314 nn
415 265 477 314 nm
499 266 631 315 uarum
655 267 729 316 cur.
746 267 819 318 vu1.
1026 253 1066 318 13

94 425 205 486 parere
227 404 382 468 mulierem
397 423 484 484 posse
499 404 620 485 plurimi
635 406 805 476 adfirmant,
826 391 861 469 ¹ut
874 407 996 468 Theano
1011 406 1066 488 Py·

94 491 258 570 thagorica,
275 490 448 553 Aristoteles
462 492 680 571 peripateticus,
697 490 821 561 Diocles,
837 491 966 560 Euenor,
983 491 1064 552 Stra·

95 585 163 646 ton,
187 574 398 656 Empedocles,
421 575 567 654 Epigenes
583 574 727 653 multique
748 583 915 655 praeterea,
938 594 1065 654 quorum

96 661 230 720 omnium
251 677 414 722 consensus
429 660 639 740 Euryphoncm
656 660 790 722 Cnidium
812 679 871 722 nou
887 661 1018 723 deterret
1035 661 1065 722 id
1120 695 1123 704 ·

60 753 77 801 5
97 747 196 822 ipsum
219 744 368 822 intrepide
388 753 612 824 pernegantem.
644 754 746 807 contra
768 763 835 807 eum
852 745 947 808 ferme
960 758 1098 807 omneso
1148 801 1153 810 ,

95 828 309 908 Epicharmum
325 830 422 890 secuti
437 837 539 890 octavo
555 847 657 891 meuse
672 831 754 891 nasci
775 838 972 907 negaverunt:
997 829 1063 890 uio-

97 913 160 976 cles
181 919 280 974 tomen
301 913 449 994 Carystius
477 921 506 976 et
525 913 696 975 Aristoteles
717 915 869 992 Stagirites
890 913 975 976 aliter
997 932 1063 976 sen·

96 1004 211 1060 serunt.
241 1015 320 1060 nono
342 1006 441 1059 autem
463 1007 492 1060 et
508 998 622 1060 decimo
638 1017 740 1061 meuse
762 1017 829 1060 curu
846 998 984 1061 Chaldaei
999 998 1064 1077 plu·

97 1083 167 1144 rimi
188 1083 310 1144 elidem
331 1100 421 1161 supra
444 1083 515 1144 mihi
536 1085 704 1146 nominatus
717 1082 888 1146 Aristoteles
910 1083 957 1146 edi
977 1102 1064 1162 posse

46 1176 78 1224 ιο
96 1173 215 1247 partum
238 1168 419 1246 putaverint,
441 1184 539 1244 neque
559 1167 704 1246 Epigenes
719 1167 876 1248 Byzantius
896 1185 976 1229 nono
998 1168 1065 1229 lieri

97 1268 184 1330 posse
206 1251 371 1322 contendit,
394 1269 449 1312 nec
464 1251 657 1332 Hippocrates
679 1253 755 1314 Cous
776 1254 900 1314 decimo.
932 1259 1098 1314 ceterumt

97 1337 288 1398 undecimum
308 1353 442 1398 mensem
457 1336 629 1398 Aristoteles
645 1335 725 1398 solus
740 1339 860 1417 recipit,
884 1338 976 1398 ceteri
997 1339 1062 1396 uni·

97 1422 175 1482 versi
188 1419 395 1500 inprobarunt.

161 1506 221 1567 Sed
241 1524 322 1566 nuno
342 1503 555 1567 Chaldaeorum
583 1506 658 1566 ratio
679 1505 809 1566 breviter
833 1505 986 1566 tractanda
1008 1511 1061 1576 est,
1079 1509 1098 1570 8

47 1599 78 1648 15
97 1589 366 1669 explicandumque
392 1608 445 1652 cur
472 1591 598 1668 septimo
620 1607 722 1650 mense
745 1597 774 1650 et
794 1606 873 1650 nono
901 1597 930 1650 et
949 1589 1064 1651 deoinro
1110 1589 1112 1594 ’

97 1674 302 1736 tautummodo
314 1691 401 1754 posse
416 1674 553 1736 homines
567 1676 651 1736 nasei
666 1674 857 1735 arbitrentur.
881 1681 949 1734 ante
965 1675 1062 1734 omnia
1082 1684 1097 1731 2

96 1759 188 1837 igitur
210 1759 312 1821 dicunt
336 1768 434 1820 actum
455 1760 604 1838 vitamque
626 1765 758 1819 nostram
780 1757 872 1820 stellis
898 1765 957 1818 tam
984 1759 1065 1835 vagis

97 1861 187 1921 quam
202 1845 286 1904 statis
302 1861 367 1904 esse
382 1841 554 1912 subiectam.
572 1860 733 1923 earumque
749 1845 831 1904 vario
847 1840 1064 1920 multiplicique
1079 1903 1082 1908 ,

96 1946 188 1990 cursu
215 1945 307 2005 genus
332 1927 493 1990 humanum
519 1927 695 2005 gubernari,
731 1926 783 1988 sed
809 1929 941 2006 ipsarum
967 1933 1064 1988 motus

45 2022 80 2071 20
99 2013 311 2091 schemataque
333 2019 362 2072 et
382 2013 506 2074 effeetus
522 2030 538 2072 a
553 2010 614 2072 sole
630 2011 738 2074 crebro
758 2012 907 2072 inmutari.
942 2029 1010 2072 uam
1031 2018 1065 2072 ut

99 2095 176 2156 aliae
191 2113 342 2167 occasum,
363 2094 523 2156 nonnullae
538 2097 694 2156 stationem
710 2095 818 2155 faciant
833 2112 947 2174 uosque
968 2096 1065 2156 omnis

98 2181 156 2240 hac
171 2197 223 2241 sua
236 2179 368 2260 disparili
383 2185 583 2259 temperatura
598 2178 744 2249 adliciant,
760 2177 831 2240 solis
842 2179 907 2240 lieri
921 2181 1062 2257 potentia.

97 2267 199 2345 itaque
221 2283 302 2336 eum,
324 2267 376 2343 qui
391 2264 490 2327 stellas
510 2265 589 2342 ipsas
604 2263 711 2348 quihus
732 2279 886 2324 movemur
901 2270 1062 2341 permovet,
1082 2273 1097 2323 3

99 2351 227 2410 animam
242 2349 328 2410 uobis
344 2350 483 2429 dareque
499 2365 638 2427 regamur
653 2348 948 2428 potentissimumque
963 2348 994 2408 iu
1008 2364 1064 2408 uos

49 2443 82 2491 25
99 2452 165 2495 esse
185 2434 408 2513 moderarique,
440 2433 557 2510 quando
578 2439 646 2513 post
666 2434 891 2511 conceptionem
912 2433 1065 2494 veniamus

98 2519 129 2578 iu
150 2516 263 2588 lucem;
286 2519 338 2580 sed
362 2518 419 2579 hoc
435 2535 488 2596 per
509 2525 569 2578 tres
589 2517 687 2578 lacere
703 2524 888 2595 conspectus.
921 2516 991 2596 quid
1013 2535 1064 2578 au·

99 2610 160 2664 tem
182 2604 219 2664 sit
239 2610 416 2683 conspectus
436 2610 467 2663 et
480 2609 552 2682 quot
573 2603 635 2663 eius
650 2618 777 2678 genera,
807 2610 840 2663 ut
860 2601 973 2679 liquido
995 2618 1064 2680 per·

100 2688 174 2766 spici
188 2689 295 2766 possit,
327 2705 419 2767 pauca
441 2686 622 2766 praedicam.
659 2684 788 2748 circulus
810 2691 869 2754 cst,
900 2693 934 2745 ut
954 2685 1099 2753 lerunt,4

101 2881 304 2890 -—----—---—-

111 3059 114 3068 ,
168 3009 193 3058 1.
211 3007 417 3074 pruhapoutcus
436 3007 490 3057 DV
557 3007 582 3056 1.
601 3017 776 3057 eutsuoueuts
795 3005 820 3054 D
890 3019 992 3056 euenor
1014 3004 1042 3054 V

101 3089 225 3126 cucuron
246 3075 302 3125 DV
368 3077 393 3125 4.
417 3073 595 3139 euutphouem
618 3071 674 3124 DV
740 3075 765 3125 ὁ.
790 3085 868 3124 ornue
891 3074 927 3134 D,
957 3074 1067 3124 cornu

9 3149 17 3166 '
100 3144 125 3195 8.
144 3141 260 3194 chancer
278 3143 336 3193 DV
400 3144 424 3193 9.
447 3142 514 3192 mihi
532 3158 578 3193 om.
602 3141 630 3191 V
694 3143 735 3192 10.
760 3141 907 3208 ephtpeues
925 3141 962 3201 D,
983 3139 1065 3206 ephy-

102 3225 186 3275 geues
209 3211 237 3261 V
262 3235 271 3243 ·
300 3224 444 3261 arceamus
462 3209 520 3260 DV
584 3210 624 3262 11.
648 3209 827 3276 lnppocuants
846 3210 882 3268 I),
912 3207 1066 3274 hyppocra-

100 3283 143 3327 tes
174 3279 201 3328 V
267 3279 308 3328 11.
337 3291 512 3329 antsuouents
538 3276 594 3326 DV
662 3281 702 3327 14.
732 3274 919 3327 chaubaouuan
945 3275 1000 3325 DV

102 3346 146 3394 15.
163 3357 234 3408 quur
256 3345 283 3393 V
348 3347 389 3398 18.
409 3358 502 3397 suante
520 3345 554 3407 D,
573 3344 712 3396 stantibus
730 3347 748 3395 d
759 3344 786 3394 V
852 3346 892 3394 19.
911 3347 986 3393 motu
1009 3342 1034 3390 V

101 3413 142 3462 10.
163 3411 364 3478 ehemauasque
381 3413 437 3462 DV
504 3413 545 3467 11.
564 3410 933 3477 daspauactuarempemuunu
950 3410 988 3470 D,
1014 3407 1066 3458 dis·

101 3477 244 3543 parilitate
262 3482 370 3544 pariter
391 3481 419 3531 V
483 3481 524 3530 14.
545 3483 573 3530 et
590 3487 649 3530 ante
667 3480 787 3530 unimam
804 3480 864 3530 add.
887 3478 910 3526 V
927 3479 998 3542 uulgo

101 3547 135 3597 25
153 3561 342 3612 conceperoue
353 3551 378 3598 Ι)
447 3550 491 3598 17.
504 3546 572 3613 quod
586 3561 644 3599 etus
657 3549 682 3596 Ι)
732 3545 844 3610 liquodo
861 3545 889 3595 V
892 3543 908 3604 ¹,
922 3560 991 3596 corr.
1005 3561 1035 3596 m.
1048 3547 1066 3596 2
